2760 4800
442 341 461 398 ι’
484 359 725 409 sursronrnuu
740 363 876 412 crussrs
890 366 909 412 r.
1195 359 1239 414 ml

153 438 290 499 pecuniam
307 451 377 488 snam
393 452 443 489 uon
453 440 522 493 dedit
532 443 564 490 all
574 455 686 502 usuram,
712 444 871 493 Madianitem
882 444 1016 507 feminam,
1027 445 1054 496 et
1068 445 1191 506 mitigavit
1200 448 1241 496 iu·

156 506 318 554 habitabit‘in
329 507 486 556 tabernaculo
498 509 559 569 Dei3
573 522 630 557 nam
643 510 686 556 ille
712 513 879 573 dignationem
887 515 1010 574 divinam,
1020 527 1052 564 ne
1061 515 1126 564 totus
1136 516 1242 576 populus

152 575 343 643 supplantatur,
373 576 417 636 qul
437 589 576 624 «usurarum
604 577 685 638 captat
713 582 907 643 extingueretur.

153 644 331 690 emolumenta.
344 643 429 703 ltaque
439 645 479 691 vir
490 646 653 706 christianus,
664 646 685 692 si
742 651 766 698 8.
778 651 878 709 Quidde
888 652 1002 712 pluribus
1012 651 1133 711 exemplis
1142 645 1242 710 loquar!
1259 690 1261 697 Α

156 710 248 770 lrabet,
258 711 448 773 detpecuniam
459 714 529 773 quasi
539 726 589 761 uon
599 728 686 775 recep-
712 718 748 764 Ex
759 719 843 767 multis
854 733 929 767 nuum
938 719 1073 780 proteram,
1082 720 1107 766 et
1116 718 1244 776 eiuscom-

157 778 244 827 turus:
255 780 297 827 aut
318 782 386 830 certe
404 783 509 842 sortem,
520 796 593 843 quarn
604 785 686 846 dedit,
712 787 887 836 memoratione
907 789 1016 849 liqueat,
1032 800 1106 849 quam
1120 784 1244 848 peruicio-

156 849 310 907 recepturus.
319 850 433 898 Habetin
441 862 470 898 ea
478 863 527 898 nou
538 852 686 901 mediocrem
712 867 766 900 sum
776 855 809 902 sit
825 855 969 914 alienigenae
984 857 1096 903 mulieris
1109 852 1243 902 adscivisse

155 915 242 974 gratim
252 929 360 966 usuram.
372 918 487 980 Alioquin
499 920 614 981 decipere
623 922 688 971 istud
713 924 833 983 copulam.
844 924 903 983 Quis
911 925 1010 985 fortior,
1023 926 1048 973 ot
1058 925 1091 971 ab
1105 921 1243 971 incunabu-

155 984 209 1044 est,
220 998 269 1034 non
279 988 492 1047 subvenire.de
502 992 569 1038 enlm
584 989 669 1040 durius
680 1026 688 1053 ,
713 991 743 1037 lis
759 992 810 1039 suis
821 992 847 1040 et
864 993 982 1041 munitior
998 993 1044 1040 Dei
1055 992 1157 1052 spiritu,
1167 999 1243 1050 quam

156 1066 230 1113 quam
246 1055 274 1102 ut
290 1056 332 1104 des
352 1058 482 1117 pecuniam
493 1060 561 1106 tuam
573 1072 622 1106 non
640 1062 685 1108 ba·
714 1073 836 1110 nazaraeus
845 1062 960 1110 Samson?
970 1064 1000 1110 Et
1011 1063 1063 1122 ipse
1074 1060 1185 1121 proditus
1193 1058 1242 1118 est,

120 1139 121 1143 ¹
156 1121 281 1182 beuti,et
290 1124 343 1184 ipse
353 1125 456 1185 duplum
464 1127 616 1187 exigasthi
628 1129 688 1175 sim·
714 1130 738 1175 et
749 1130 801 1188 ipse
812 1143 857 1190 per
872 1131 1003 1178 mulierem
1021 1127 1242 1189 nonpotuitsuam

156 1191 228 1250 plum
239 1193 465 1252 nonhabuit,unde
475 1196 689 1256 solveret3quem·
713 1199 797 1246 tenere
813 1200 926 1258 gratiam.
945 1198 1019 1257 cnjus
1032 1195 1196 1258 generationis
1216 1193 1243 1242 et

155 1257 289 1306 admodum
300 1260 401 1320 duplum
417 1262 511 1311 solvet?
714 1266 771 1314 vitae
791 1267 866 1314 totius
886 1267 976 1315 scriem
996 1265 1111 1314 historico
1122 1262 1243 1322 digestam

183 1326 208 1372 d.
217 1328 556 1392 Exemplonobissltrobias,
564 1333 607 1392 qui
615 1346 688 1381 num·
713 1337 775 1394 stylo
787 1336 952 1384 enarrabimus
964 1336 1098 1383 secundum
1109 1331 1170 1379 sacri
1183 1328 1243 1377 libri

125 1443 131 1449 ,
157 1406 233 1454 quam
255 1396 385 1455 requisivit
404 1399 552 1459 pecuniam,
562 1403 688 1460 quamde·
713 1404 967 1464 continentiamque
977 1405 1003 1451 iu
1014 1404 1080 1450 bunc
1094 1400 1132 1448 est
1142 1398 1243 1446 modum

157 1461 243 1523 derat,
253 1464 302 1511 nisi
314 1467 424 1514 extremo
432 1468 490 1514 vitae
502 1480 552 1515 sum
562 1470 686 1529 tempore3
714 1485 762 1519 nou
772 1474 902 1520 verborum
913 1474 992 1533 serie,
1004 1472 1048 1519 sed
1060 1482 1140 1518 sensu.

143 1560 145 1564 =
157 1531 237 1592 magis
247 1545 280 1580 ne
290 1533 414 1582 inodaret
424 1535 564 1594 baeredem,
574 1550 648 1596 quam
659 1541 686 1586 ut
743 1539 767 1588 9.
778 1542 866 1589 unitos
880 1553 925 1601 per
940 1553 1015 1588 annos
1029 1539 1187 1585 Hebraeorum
1197 1547 1243 1597 po·

158 1599 294 1660 depositam
311 1604 442 1662 pecuniam
457 1605 556 1663 cogeret
571 1618 599 1652 ac
616 1619 688 1653 meu·
713 1609 798 1667 pulum
805 1608 1056 1657 subditnmPalaesliui
1064 1619 1091 1654 ac
1103 1605 1243 1663 subjectum

158 1671 267 1730 peraret.
278 1672 363 1731 Populi
381 1685 446 1732 saepe
464 1673 625 1722 conciderunt
644 1675 688 1722 ioe-
714 1676 849 1737 babebaut3
862 1673 1243 1737 quonlamlldelpraerogativam
1276 1705 1280 1739 3

158 1741 269 1798 uosmet
276 1752 305 1787 ea
314 1741 408 1801 publici
418 1741 491 1789 exitii
500 1754 572 1790 causa
580 1746 687 1794 exstitit.
713 1745 841 1804 amiserat,
856 1758 905 1805 qna
923 1742 1051 1792 victoriam
1066 1743 1148 1804 potres
1159 1739 1244 1801 adepti

159 1807 229 1855 Unde
250 1808 321 1856 uobis
338 1809 506 1858 sacerdotibus
525 1810 551 1857 id
562 1813 687 1871 praeclpue
714 1811 793 1860 fuere.
804 1813 856 1860 Nou
873 1814 973 1874 penitus
984 1813 1068 1860 tamen
1083 1808 1244 1858 interciderat

159 1887 224 1923 curae
232 1875 279 1936 sit,
290 1878 317 1925 ut
325 1889 355 1924 ea
362 1877 423 1924 vitia
433 1889 590 1939 resecemus,
599 1881 689 1941 quaein
713 1881 808 1940 insigne
818 1880 1017 1940 electionisapud
1027 1879 1152 1926 auctorem
1161 1888 1250 1935 suum,.

161 1945 279 2007 plurimos
289 1947 406 1996 videntur
416 1955 526 2008 serpere.
714 1949 738 1996 et
744 1948 867 1998 funiculus
874 1949 1036 1997 baereditatis:
1044 1947 1087 1994 sed
1095 1946 1244 2006 quiarerum

191 2015 215 2063 6.
227 2017 352 2077 llospitem
363 2015 422 2064 doce
433 2015 601 2065 voluntarium
612 2018 689 2078 magis
714 2018 873 2065 secundarum
879 2017 1010 2065 insolentia
1015 2027 1080 2075 saepe
1089 2015 1243 2062 extolleban-

160 2097 233 2144 quam
245 2098 276 2134 ex
294 2086 442 2134 necessitate
454 2099 508 2134 esse
520 2088 688 2148 oportere3ue
714 2084 764 2145 tur,
781 2086 854 2133 dabat
871 2098 913 2134 eos
927 2087 1073 2147 plerumque
1089 2083 1117 2130 in
1133 2083 1244 2142 potesta·

161 2153 189 2201 iu
202 2155 309 2216 bospitio
324 2156 457 2204 deferendo
469 2157 642 2217 inhospitalem
652 2157 690 2204 ai·
714 2153 764 2202 tem
775 2155 894 2213 hostiurm
906 2153 934 2201 ut
948 2166 1015 2200 more
1032 2151 1127 2211 ingenii
1141 2149 1244 2198 burnani

161 2221 253 2271 tectum
273 2224 350 2271 aulmi
370 2225 409 2272 sui
429 2224 530 2284 prodat,
548 2225 574 2272 et
590 2226 617 2272 iu
637 2226 690 2286 ipsa
714 2221 853 2270 remedium
870 2221 988 2268 malorum
1004 2219 1034 2267 de
1046 2217 1243 2278 ooelosiblqum-

161 2288 265 2349 bospitis
272 2291 426 2350 susceptione
436 2303 482 2351 per
489 2289 605 2348 injuriam
615 2292 689 2340 viole·
714 2291 806 2339 recent.
817 2291 884 2338 'l'uuc
895 2289 962 2338 euim
971 2291 1023 2336 Deo
1041 2287 1133 2336 subditi
1144 2298 1243 2348 sumus,

161 2357 203 2404 tur
213 2359 305 2418 gratia:
317 2359 361 2408 sed
372 2360 449 2420 magis
459 2360 586 2408 excolatur
596 2360 690 2408 officio·
714 2371 771 2407 cum
789 2358 897 2408 adversis
915 2358 1040 2418 aliquibus
1058 2367 1191 2416 urgemur:
1203 2366 1244 2403 se-

161 2439 216 2473 rum
225 2440 284 2488 usu,
295 2429 321 2476 et
331 2428 413 2487 aliquo
430 2428 590 2476 humanitatis
604 2431 690 2478 ruinis·
715 2430 845 2478 cuudaercs
852 2431 962 2478 mentem
972 2428 1103 2476 extollunt.
1110 2426 1179 2485 Quod
1185 2436 1244 2474 cum

161 2494 233 2542 terto.
243 2497 295 2543 Non
307 2497 372 2544 eninr
382 2509 397 2543 a
406 2496 431 2544 te
443 2509 545 2544 munera
555 2498 690 2558 exiguntur
715 2500 774 2547 alias
782 2512 829 2547 usu
838 2499 967 2559 probatum
978 2498 1023 2556 sit,
1034 2498 1087 2544 tum
1097 2496 1205 2542 maxime
1216 2493 1244 2541 in

161 2562 372 2624 ditia,sedotdcia
381 2565 614 2626 voluntarla‚pleua
621 2569 690 2628 pacis
715 2579 837 2615 caretum
856 2567 1030 2626 conversione,
1045 2578 1092 2626 qua
1111 2576 1196 2611 rursus
1212 2563 1244 2611 ad

160 2631 690 2692 otconveuieutisconcordise3meliorasunt
716 2637 831 2684 Hebraeos
847 2648 863 2684 a
879 2634 1016 2683 Palaestinis
1037 2645 1108 2684 versa
1125 2631 1181 2682 vice
1203 2643 1244 2679 res

159 2700 690 2762 enimoleracumamicitiaetgratia,quam
716 2703 824 2752 mutatae.

160 2770 183 2816 si
194 2769 324 2829 exquisitis
345 2769 448 2829 dapibus
459 2768 591 2816 edometur
605 2770 691 2818 couvi·
746 2771 784 2817 lo.
808 2771 917 2831 Namque
938 2783 996 2818 cum
1015 2770 1132 2818 diuturna
1152 2766 1243 2825 injuria

162 2838 274 2898 vium‚si
286 2837 351 2884 desit
361 2837 461 2884 allectus
471 2837 563 2897 gratiae.
575 2838 691 2898 Legimus
714 2840 792 2897 longae
805 2839 964 2895 subjectionis
980 2839 1014 2885 ita
1034 2837 1115 2884 esseut
1129 2835 1246 2895 depressa
1268 2850 1274 2884 ε

163 2906 286 2964 peremtus
293 2905 361 2964 gravi
371 2907 473 2964 populos
482 2905 579 2953 excidio
589 2906 690 2965 propter
717 2907 875 2954 Hebraeorum
894 2904 1008 2967 pectora,
1027 2904 1054 2952 ut
1074 2902 1157 2949 nullus
1175 2901 1245 2948 virili

163 2973 254 3021 violata
264 2973 318 3032 iura
330 2973 440 3034 hospitii.
450 2973 552 3032 Propter
561 2973 691 3022 libidinem
716 2975 815 3034 ingenio
832 2975 864 3023 ad
886 2975 1028 3021 libertatem
1045 2972 1139 3019 animos
1157 2971 1245 3018 tollere

162 3056 261 3103 quoque
280 3044 407 3092 commissa
423 3044 488 3091 bolla
499 3043 599 3092 atrocia.
716 3042 917 3102 auderet,>ortus
935 3042 972 3089 est
983 3041 1034 3087 illis
1044 3040 1144 3087 Samson
1161 3037 1245 3085 divino

193 3112 216 3158 7.
225 3111 272 3159 Sed
291 3125 367 3172 prope
380 3111 443 3158 nibil
456 3111 554 3172 gravius
564 3124 637 3172 quam
648 3125 690 3160 co·
716 3112 813 3160 oraculo
821 3110 1130 3172 prenestinatm,magnus
1137 3105 1186 3166 vir,
1196 3118 1245 3153 nec

162 3181 243 3241 pulari
260 3181 418 3242 alienigenae,
434 3181 479 3227 ubi
495 3180 520 3228 et
538 3181 650 3228 libidinis
666 3184 691 3228 et
716 3183 742 3229 iu
752 3181 862 3241 pluribus
870 3177 1048 3236 numerandus,
1062 3177 1106 3225 sed
1116 3175 1143 3222 in
1158 3176 1245 3236 paucis

163 3249 288 3296 discordiae
297 3248 430 3309 incentiva,
437 3250 463 3297 ct
470 3248 592 3308 sacrilegii
599 3248 690 3308 tiagltia
715 3249 940 3311 praestantissimus,
952 3247 977 3293 et
987 3246 1052 3306 quod
1059 3246 1114 3294 sine
1125 3246 1176 3292 ulla
1187 3256 1246 3292 cou-

162 3317 307 3365 contlautur.
318 3319 378 3365 Nam
388 3331 446 3379 cum
460 3319 540 3379 ipsum
551 3318 690 3378 conjugium
717 3316 889 3377 troversia'sit,
905 3317 1000 3364 viribus
1014 3315 1123 3376 corporis
1133 3314 1243 3363 omnium

163 3384 285 3432 velamine
296 3386 455 3446 sacerdotali,
472 3388 498 3434 et
515 3386 688 3435 benedictione
716 3388 787 3435 tacite
803 3385 906 3446 primus.
925 3387 1008 3444 quue
1026 3385 1119 3444 ingenti
1138 3383 1243 3431 admira·

162 3453 307 3501 sanctificari
330 3456 452 3515 oporteat3
471 3456 591 3515 quomodo
610 3456 691 3519 potest
715 3458 782 3504 tione
791 3454 1037 3515 nobisspectandusa
1048 3453 1243 3514 pri'ncipio,uou

162 3522 303 3581 coniugium
320 3522 384 3581 diei,
394 3523 438 3570 ubi
449 3535 498 3570 uon
515 3525 552 3570 est
562 3523 620 3570 fldei
632 3536 690 3570 cou-
716 3527 758 3572 illa
767 3537 820 3584 quae
831 3523 1034 3583 temperantiam
1045 3522 1184 3570 sobrietatis
1190 3523 1243 3580 jam

163 3586 262 3636 cordia?
276 3589 336 3635 Cum
350 3591 427 3637 oratio
439 3590 573 3637 communis
583 3603 636 3637 esse
646 3591 690 3636 de·
716 3594 773 3640 iude
784 3591 976 3652 apueritiaviui
985 3592 1117 3640 abstemius
1126 3592 1243 3652 praeclara

162 3657 234 3717 boat,
245 3658 364 3718 quomodo
372 3659 437 3706 iuter
444 3657 552 3717 dispares
559 3658 689 3706 devotione
715 3660 820 3719 iusignia
830 3659 913 3719 dedit,
921 3671 968 3706 nec
978 3659 1020 3706 ilia
1029 3672 1083 3719 quaa
1094 3661 1191 3708 intonso
1203 3670 1243 3706 ca·

162 3726 307 3788 potestesse
319 3727 425 3787 conjugii
441 3726 576 3774 communis
587 3724 690 3774 caritas?
715 3729 767 3789 pite
778 3739 899 3775 nazaraeus
909 3738 976 3774 sacra
987 3727 1031 3775 diu
1044 3729 1153 3778 servavit
1163 3727 1243 3775 custo·

163 3797 234 3855 Saepe
247 3796 359 3856 plerique
371 3797 436 3857 capti
450 3807 532 3844 amore
544 3794 691 3842 feminarum
715 3797 756 3845 dia
767 3810 774 3843 r
787 3795 878 3844 sed‘ab
892 3795 1068 3858 adolescentia,
1083 3810 1137 3858 quse
1148 3796 1175 3842 in
1187 3794 1243 3842 aliis

163 3864 237 3911 tidem
245 3876 314 3911 suam
325 3864 496 3923 prodideruut3
507 3864 534 3911 ut
543 3863 640 3923 patrum
648 3876 691 3924 po·
715 3865 773 3913 astas
784 3863 892 3924 mollior,
904 3863 931 3912 iu
942 3864 988 3913 hoc
999 3866 1109 3926 egregia,
1118 3863 1190 3920 atque
1202 3873 1243 3908 su·

163 3933 267 3994 pulusln
274 3932 433 3991 Beelphegor.
443 3933 512 3980 Unde
521 3933 640 3994 Pbinees,
651 3946 690 3980 ar·
715 3945 758 3993 pra
768 3933 903 3981 humanum
910 3933 1009 3980 modum
1018 3930 1132 3992 perlectae
1142 3927 1242 3976 virtutis

162 4000 234 4064 repto
254 3999 354 4064 gladio,
370 3999 495 4051 iututecit
514 4001 644 4053 llobrseum
666 4003 692 4053 et
716 3995 1154 4067 stupenuatmmoraeuecltzmiius
1163 3993 1242 4044 divini
