2760 4800
377 405 1009 461 urerurnesunnserrours,n1uenrr.
1197 384 1241 453 aas

152 484 216 538 biles
228 489 297 537 tubas
316 489 377 538 duas
397 489 503 537 ductiles
515 490 613 548 argento
630 501 686 549 pro·
712 488 780 536 tione
802 490 947 549 vacuatum,
965 488 1053 536 Christi
1073 490 1163 550 repleri
1184 492 1240 540 luce

152 557 224 617 bato,
240 557 350 617 lrocest‚
370 558 477 618 pretioso
498 559 571 605 verbo
588 568 686 616 compo·
712 557 843 606 desideret.
863 559 986 606 sacrificia
1003 571 1100 619 quoque
1119 560 1170 619 ipsa
1190 563 1241 608 Deo

153 628 212 676 sitas
231 630 257 676 et
273 629 384 688 ornatas3
403 629 492 687 quibus
518 641 567 674 neu
584 639 686 674 raucum
710 627 810 686 probata
822 640 931 676 essenon
940 627 1109 688 possunt,nisi
1119 629 1240 676 corrtessio

152 695 297 756 increpans,
309 696 414 744 terribili
426 697 508 743 souitu
524 709 635 744 murmur
645 695 686 742 in·
710 695 775 743 vocis
795 694 918 755 adspiret,
934 710 988 756 quae
1007 694 1152 744 sacerdotali
1173 697 1241 743 obla·

152 765 300 825 concrepat,
320 765 363 812 sed
390 765 508 812 sublimes
526 765 609 825 gratiae
634 766 685 812 Deo
710 764 819 811 tionead
832 765 1005 812 obsecrandam
1018 765 1065 812 Dei
1078 764 1180 824 gratiam
1196 777 1241 824 po·

152 828 269 882 continua
279 835 426 892 jubilatione
439 833 581 882 tundantur.
590 834 684 880 Talium
709 833 779 890 pulos
791 833 900 879 excitare
912 833 1048 881 consuevit.

152 903 347 951 euimtubarum
363 903 445 950 sonitu
463 902 553 952 mortui
566 902 685 950 suscitan—
740 901 793 948 lle.
807 901 891 962 ltaque
910 902 987 949 simus
1004 902 1241 961 praedicatorque

150 972 207 1030 tur,
216 985 264 1038 non
277 973 373 1033 crepitu
385 973 471 1033 utique
480 973 548 1031 aeris,
558 971 601 1019 sed
609 972 685 1019 verbo
708 969 784 1028 mini,
796 970 822 1016 et
832 970 963 1023 laudemus
975 983 1032 1017 euru
1047 972 1074 1016 in
1086 983 1146 1018 voce
1158 972 1239 1032 turbae,

151 1037 266 1086 veritatis
283 1039 395 1087 animati.
408 1041 438 1085 m
449 1039 550 1086 tortasse
562 1038 616 1086 duae
632 1038 685 1085 istae
709 1049 758 1083 non
769 1039 857 1097 exigua
869 1038 900 1085 de
911 1039 1004 1087 virtute
1014 1039 1068 1097 eius
1079 1041 1105 1085 et
1113 1040 1173 1087 vilia
1182 1052 1240 1088 sen·

150 1107 219 1155 tubae
244 1110 313 1166 sunt,
333 1121 378 1168 per
396 1117 465 1167 quas
483 1107 569 1155 divino
594 1107 684 1166 spiritu
709 1108 813 1168 tientes,
840 1109 883 1156 sed
903 1121 932 1156 ea
958 1122 1012 1169 quae
1037 1109 1131 1168 possint
1155 1122 1240 1157 aurern

150 1175 242 1223 Paulus
253 1177 377 1236 increpuit
387 1177 471 1224 dicens
483 1189 489 1221 ι
502 1176 580 1225 Oroba
591 1178 683 1237 sptrttu,
708 1176 798 1223 mentis
808 1177 928 1236 implere,
940 1178 965 1223 et
975 1176 1069 1222 intimae
1082 1174 1240 1223 conscientiae

149 1246 225 1293 orabo
237 1249 259 1294 et
269 1251 345 1295 melate
354 1262 362 1294 .·
371 1248 472 1308 psallam
482 1249 575 1307 spiritu,
585 1248 684 1306 paullum
708 1245 839 1304 penetrare
850 1246 988 1304 secretum3
1000 1245 1029 1292 ut
1040 1256 1068 1292 ea
1079 1257 1133 1305 quae
1144 1247 1239 1305 corpori

149 1317 172 1362 ct
182 1318 259 1362 mente
264 1330 272 1376 3
285 1316 390 1362 alterurn
402 1315 468 1362 enim
484 1315 538 1362 sine
555 1316 631 1361 altere
640 1328 684 1362 ne·
708 1315 870 1376 conveniunt,
880 1315 1005 1364 divinitati
1017 1328 1065 1361 nen
1075 1317 1190 1374 putemus
1198 1327 1240 1374 ap·

148 1395 274 1443 quaquam
287 1385 386 1432 videtur
403 1385 572 1432 evocationem
589 1384 682 1432 habere
708 1382 781 1429 tanda
798 1396 863 1430 :nec
879 1384 969 1432 divinae
988 1384 1183 1444 magnitudinem
1195 1396 1240 1443 po·

149 1453 297 1512 perfectam.
531 1478 533 1500 ;
708 1451 803 1499 testatis
812 1453 927 1500 humanis
937 1453 1033 1500 viribus
1051 1453 1197 1512 metiamur3
1212 1455 1239 1499 ut

182 1519 298 1567 lladec
314 1522 397 1569 tamen
408 1520 518 1569 omnium
530 1519 567 1568 est
578 1521 682 1581 utraque
707 1534 844 1580 quaeramus
857 1519 977 1580 quomodo
991 1519 1045 1580 quis
1056 1522 1179 1579 resurgat,
1195 1521 1238 1568 aut

148 1598 241 1634 canere
258 1589 329 1648 tuba,
340 1602 386 1636 uec
399 1592 436 1637 est
454 1590 565 1636 omnium
583 1590 683 1636 univer·
707 1589 776 1648 quali
793 1601 894 1650 corpore
912 1589 1011 1647 veniat,
1025 1590 1239 1649 aut'quemadmo-

149 1667 203 1703 sam
214 1657 329 1717 colligere
347 1671 493 1718 synagogam
505 1670 512 1702 a
524 1658 567 1705 sed
578 1658 635 1704 solis
646 1670 683 1705 sa·
707 1658 765 1704 dum
777 1659 856 1706 solata
875 1659 978 1716 coeant,
987 1659 1056 1718 lapsa
1076 1659 1236 1719 reparentur3

149 1725 303 1785 cerdotibus,
313 1728 339 1775 et
350 1727 470 1774 ministris
482 1726 529 1773 Dei
538 1727 683 1774 canentibus
707 1726 759 1774 baec
768 1728 834 1774 enim
842 1727 944 1774 arbitrio
953 1727 998 1773 Dei
1008 1727 1118 1774 simulat
1126 1728 1238 1774 statuuat·-

150 1794 197 1841 ista
214 1797 374 1855 praerogativa
390 1795 516 1858 deiertur;
533 1797 561 1843 ut
572 1796 682 1854 quicum·
707 1797 760 1855 tur,
771 1790 914 1854 implentur.
924 1797 973 1842 Nec
985 1795 1236 1842 sensibilis'tubarurn

149 1874 199 1922 que
208 1863 327 1924 audierit,
339 1865 364 1912 et
373 1866 491 1924 sequutus
502 1877 531 1911 eo
540 1863 629 1922 luerit,
639 1864 682 1911 ubi
703 1864 863 1924 ¹exspectatur
875 1863 1038 1922 auditus,sed
1050 1863 1183 1910 invisibilis
1194 1877 1236 1923 po-

147 1931 187 1977 cst
198 1931 246 1978 Dei
257 1931 333 1990 gloria
340 1964 348 1989 ,
360 1932 424 1979 etad
435 1931 622 1978 tabernaculum
633 1931 682 1977 tcs-
706 1932 784 1978 tentia
795 1930 983 1991 magnificentiae
993 1930 1099 1977 coelestis
1108 1932 1237 1990 operatur;

149 1997 250 2044 timenti
268 1999 415 2056 praematura
433 1997 571 2045 intentione
591 2009 681 2044 conve·
707 2002 762 2048 Duo
781 2012 848 2047 uuam
867 2001 932 2047 velle
951 2012 995 2058 pro
1018 1998 1083 2047 lacto
1103 2002 1140 2047 est
1162 2013 1169 2045 z
1190 2014 1236 2047 nee

148 2065 216 2110 nerlt
228 2076 234 2109 ι
247 2067 272 2112 et
283 2077 357 2124 opera
368 2065 444 2123 possit
460 2065 571 2125 spectare
582 2063 681 2122 divina,
706 2070 893 2117 resurrectionis
911 2069 1074 2128 requirendus
1093 2069 1174 2128 rrisus,
1193 2071 1235 2117 sed

147 2134 176 2179 et
186 2130 327 2192 legitimum
346 2133 407 2180 illud
419 2133 588 2191 aeternumque
604 2131 682 2178 demi·
706 2139 800 2185 tructus
810 2136 880 2183 nobis
890 2134 927 2181 est
937 2135 1100 2194 expetendus.
1111 2136 1170 2192 Quae
1179 2149 1236 2195 pro-

149 2198 238 2247 cilium
257 2201 283 2247 iu
301 2215 350 2249 sure
360 2200 512 2261 posteritatis
523 2201 614 2247 seriem
624 2213 681 2260 pro-
706 2205 797 2253 clivius'
806 2202 985 2260 celebrabitur,
998 2202 1018 2249 si
1031 2201 1154 2249 exinaniti
1168 2204 1234 2250 vitiis

148 2267 249 2315 mereri.
263 2269 330 2315 Ttlnc
349 2267 416 2315 enim
434 2269 527 2315 bellum
539 2266 689 2325 conficitur,·
704 2271 886 2333 plenitudinem
905 2269 1023 2328 spiritalis
1047 2269 1159 2328 mysterii
1177 2281 1235 2316 cen-

149 2337 227 2384 bostis
240 2337 351 2398 iugatum
364 2338 459 2399 quando
479 2335 584 2398 Spiritus
603 2337 680 2395 gratia
704 2351 850 2399 sequamur,
868 2337 1020 2397 gratiamque
1043 2337 1160 2383 renovata
1179 2348 1235 2383 caro

147 2405 271 2464 concinit,
283 2407 309 2453 et
318 2407 409 2453 mentis
418 2404 547 2452 industria.
704 2407 784 2453 sumat
794 2405 917 2466 aspiritu,
927 2405 952 2450 et
963 2402 1081 2462 fulgorem
1093 2402 1155 2450 lucis
1165 2402 1235 2450 aeter·

128 2462 136 2484 ⁸
179 2474 235 2520 llo.
253 2473 351 2522 suntet
369 2475 419 2522 illae
434 2474 552 2520 salutares
563 2473 642 2534 tubae,
659 2473 680 2521 si
704 2487 742 2522 nae
753 2474 834 2521 anima
844 2471 994 2519 mutuetura
1006 2470 1109 2518 Christo.

147 2541 222 2589 corde
235 2541 680 2601 credas,etoreconlitearis:corde
735 2541 787 2588 lle.
812 2541 860 2588 Sed
886 2552 935 2586 uon
963 2541 1042 2587 solum
1069 2540 1233 2600 singulorum,

144 2611 212 2657 enim
230 2612 332 2658 creditur
350 2612 381 2658 cd
397 2611 583 2669 justitium,ore
602 2614 680 2657 eutem
703 2623 790 2658 verum
809 2609 885 2658 etiam
913 2608 1085 2655 universitatis
1111 2610 1169 2656 sunt
1188 2611 1234 2658 ista

146 2680 261 2738 confessio
276 2682 303 2738 fit
312 2680 459 2726 adsalutem.
476 2678 526 2722 llac
545 2676 621 2736 igitur
639 2692 680 2738 ge·
705 2680 829 2739 mysteria.
846 2678 951 2725 adverte
973 2678 1039 2724 enim
1058 2677 1129 2736 juxta
1147 2681 1233 2739 typum
1313 2691 1317 2704 ¹

146 2746 215 2793 mina
235 2747 295 2794 tuba
313 2746 344 2792 ad
362 2745 430 2791 illam
448 2742 557 2791 sanctam
575 2745 679 2804 terram,
703 2745 1010 2806 Legis,ordinemgratiaa.
1021 2746 1233 2806 Cumtubaprimn

146 2814 338 2863 resurrectionis
349 2812 445 2861 scilicet
456 2812 574 2872 qratiam,
589 2825 680 2871 perve-
704 2815 835 2873 cecinerit,
854 2815 986 2862 orientales
1004 2815 1147 2872 congregat,
1165 2815 1234 2873 quasi

146 2884 232 2942 nitur;
244 2884 269 2930 et
280 2883 336 2930 ideo
352 2894 450 2942 semper
467 2879 514 2927 tibi
534 2880 678 2941 concinant,
703 2885 838 2944 praecipuos
857 2885 882 2930 et
901 2884 993 2930 electos
1010 2897 1016 2928 ε
1036 2894 1091 2929 cum
1114 2883 1234 2941 secunda,

146 2955 175 3003 ut
185 2966 284 3013 semper
295 2953 381 3001 audias
395 2952 441 2999 Dei
459 2963 545 2998 vocem
563 2962 683 3011 :semper
703 2963 820 3012 suppares
835 2950 944 3009 meritis,
960 2950 1003 3010 qui
1017 2949 1151 2996 secundum
1162 2951 1234 2996 Liba-

145 3023 332 3082 te'dngelorum
344 3020 570 3081 prophetarumque
582 3022 679 3067 oracula
703 3032 760 3068 nuru
773 3020 827 3079 siti,
839 3018 1018 3079 dereliquerint
1035 3018 1141 3065 ludibria
1154 3019 1233 3064 natio-

146 3092 260 3139 excitent
270 3091 343 3150 utque
360 3086 585 3149 commoveant‚'ut
595 3088 626 3136 ad
636 3102 680 3137 su·
704 3102 761 3136 num
777 3103 783 3135 a
796 3102 851 3136 cum
867 3089 954 3145 tertia,
966 3099 1008 3134 eos
1020 3086 1062 3145 qui
1073 3085 1196 3145 tamquam
1209 3087 1234 3132 in

145 3160 245 3220 periore
256 3158 367 3207 festines.
437 3185 439 3188 -
558 3179 560 3183 >
703 3159 763 3205 mari
780 3158 898 3218 exagitati
917 3157 988 3204 istius
1004 3155 1067 3202 freto
1081 3154 1234 3214 mundifice-

169 3226 232 3275 tlt.
244 3229 311 3275 lianc
323 3228 488 3277 intentionem
506 3229 586 3277 David
595 3241 679 3278 versa-
703 3228 751 3276 culi
761 3227 836 3287 hujus
847 3226 963 3273 ductibus
973 3225 1145 3290 vacillaverint
1157 3237 1164 3270 ι
1177 3237 1232 3272 curn

146 3296 189 3343 bat
200 3295 226 3342 iu
238 3297 352 3355 pectore,
363 3310 419 3344 cum
431 3298 529 3345 dicebat
541 3311 547 3344 ι
561 3301 677 3359 Qualem
702 3300 801 3357 quarta,
811 3298 865 3344 illos
877 3296 919 3356 qui
931 3295 1049 3342 duritiam
1058 3293 1180 3340 mentium
1189 3308 1233 3341 ne-

145 3364 677 3426 treasibotulocumtaberaacuttodmtrotttts,
702 3379 823 3426 quaquam
835 3365 894 3412 satis
912 3364 1039 3424 potuerint
1050 3363 1142 3423 eloquii
1159 3364 1233 3422 spiri-

143 3447 218 3494 usqae
229 3436 259 3481 od
269 3437 363 3482 domum
373 3438 417 3482 Det
425 3451 434 3494 ,·
443 3437 468 3482 tn
479 3449 532 3482 cecc
543 3437 678 3484 cacsuttctto-
701 3434 757 3481 talis
775 3433 870 3480 mollire
882 3433 1021 3493 praeceptor,
1034 3433 1059 3478 et
1076 3430 1132 3477 ideo
1143 3443 1233 3478 secun-

144 3505 183 3551 ais
199 3507 222 3551 et
237 3505 399 3563 confessionis,
410 3517 481 3552 sectus
492 3506 614 3564 epotantes.
625 3508 678 3552 lton
701 3504 759 3549 dum
770 3503 870 3549 boream
884 3501 964 3549 vocati
976 3500 1046 3558 sunt,
1063 3501 1149 3546 boreas
1165 3501 1232 3546 cuim
1321 3550 1324 3559 Ι

144 3570 213 3620 enim
221 3572 267 3618 soli
278 3573 360 3619 hostes
370 3573 457 3619 barum
469 3573 584 3631 tubarum
595 3574 676 3620 sonitu
701 3570 834 3617 secundum
843 3570 996 3616 Salomonem
1005 3568 1080 3614 durus
1088 3567 1232 3614 estventus.

144 3640 279 3688 vincuntur
287 3652 294 3688 ε
303 3641 346 3688 sed
357 3640 382 3688 et
390 3640 566 3699 delectationes
574 3673 580 3698 ‚
589 3642 614 3688 et
623 3641 677 3687 dies
732 3639 785 3683 ill.
797 3639 885 3698 ltaque,
901 3637 960 3683 licet
972 3636 997 3681 in
1008 3635 1133 3681 momento
1150 3646 1233 3680 resus-

145 3707 217 3767 festi,
229 3709 255 3755 et
272 3709 410 3755 neomenias
429 3707 482 3754 sine
497 3707 537 3755 bis
556 3720 608 3755 esse
627 3721 676 3755 non
701 3705 809 3754 citentur
825 3717 923 3763 omnes,
934 3716 1019 3750 omnes
1037 3703 1120 3750 tamen
1131 3703 1232 3749 merito-

143 3776 255 3837 possunt.
267 3778 342 3824 Nemo
361 3777 427 3824 enim
443 3777 525 3837 potest
536 3776 584 3824 nisi
597 3777 674 3825 divini
700 3787 754 3821 rum
766 3773 854 3821 ordine
874 3772 1031 3820 suscitantur.
1044 3773 1072 3818 Et
1084 3772 1140 3819 ideo
1155 3771 1230 3830 primi

126 3899 129 3905 ,
143 3845 242 3893 hauriat
252 3846 370 3904 promissa
379 3846 512 3906 sermonis,
522 3846 546 3894 et
557 3849 675 3911 resultan·
699 3845 843 3906 resurgunt,
862 3843 905 3904 qui
923 3843 1019 3890 maturo
1037 3843 1175 3891 devotionis
1192 3853 1233 3884 oc-

142 3913 672 3976 tibuscredatoraeulis‚exsultarelautitia,
699 3929 786 3974 cursu,
817 3914 844 3962 et
868 3913 973 3974 quodam
1000 3912 1147 3958 antelucano
1172 3908 1230 3952 fidel

143 3981 196 4029 dies
204 3982 278 4030 festos
288 3982 331 4029 aut
340 3982 482 4029 neomenias
490 3993 576 4043 agere,
585 3985 673 4044 quibus
698 3985 785 4031 exortu
804 3981 966 4043 prodeuntes,
982 3979 1041 4028 solis
1052 3977 1136 4025 aeterni
1150 3975 1231 4021 radios

142 4063 170 4100 se
182 4052 301 4112 corporali
313 4051 403 4112 gratia,
413 4052 438 4099 et
448 4051 558 4099 saeculari
571 4064 673 4111 occupa·
698 4052 854 4112 receperunt.
874 4045 954 4109 erod'
969 4051 1008 4096 vel
1030 4048 1059 4094 de
1084 4044 1231 4121 patriarchis
