2760 4800
252 360 296 405 loa
628 362 756 405 ssuorr
778 341 946 406 nueno'sn

237 443 290 488 orat
300 440 769 502 populusludaeorum,instabatAEgyp-
795 442 874 489 brutio
892 443 996 501 Spiritus
1011 441 1098 490 sancti.
1110 441 1184 491 Vides
1200 444 1266 502 quod
1281 458 1323 505 per

237 512 287 557 tius
298 524 353 559 rum
365 512 438 558 armis
448 523 481 558 ex
496 523 544 559 una
555 511 640 570 pario,
652 512 720 558 etex
732 513 770 558 al·
794 510 912 568 Spiritum
920 510 1044 573 sanctum,
1056 511 1081 558 et
1089 523 1134 570 per
1142 523 1232 570 aquam
1241 513 1322 573 typum

237 582 290 625 tora
305 582 373 639 parte
389 581 451 626 mari
468 579 644 627 claudebantur
656 580 768 639 llebraei;
794 577 948 637 baptismatis
959 575 1171 626 demonstraverit.

237 659 318 706 neque
330 648 407 695 maria
423 647 527 695 transire
542 648 671 707 poterant,
686 661 768 707 neque
824 647 862 692 25.
881 649 909 692 ln
925 647 1019 694 diluvio
1030 659 1127 707 quoque
1144 646 1191 695 fuit
1203 647 1323 705 jamtum

238 714 264 759 in
284 715 379 762 hostem
396 727 523 764 recurrere
535 729 542 762 a
554 727 705 762 murmurare
720 728 770 762 eoe·
793 715 870 773 figura
880 714 1048 774 baptismatis,
1058 716 1084 763 et
1093 716 1173 763 adbuc
1181 716 1322 776 utiquenon

238 784 335 839 perunt.
794 784 1323 843 erautmysterialudaeorum.Siergobuius

267 851 306 899 m.
316 854 393 913 Vide,
404 867 453 902 uon
462 857 487 904 te
496 855 614 914 provocet
624 853 682 914 quia
691 865 769 901 exau·
793 852 945 912 baptismatis
963 852 1040 899 forma
1051 852 1188 912 praecessit,
1203 852 1274 900 vides
1285 866 1323 901 su·

238 918 286 966 diti
301 921 367 967 surrt.
383 923 433 969 Etsi
451 922 581 970 exaudivit
590 922 720 980 Dominus,
731 924 768 968 ta·
793 921 889 979 periore
905 922 1021 980 mysteria
1037 921 1242 981 christianorum,
1253 933 1323 983 quam

238 999 295 1034 men
303 989 374 1047 culpa
380 1001 428 1036 nou
438 990 536 1046 carent,
544 989 587 1047 qui
599 1001 769 1037 murmurare·
793 988 885 1034 luerint
895 987 1043 1036 ludaeorum.

237 1056 302 1102 runt.
308 1057 387 1105 Tuum
396 1058 433 1104 est
441 1057 483 1104 ubi
489 1056 660 1115 constringeris
668 1057 767 1104 credere
822 1054 861 1103 at.
873 1055 922 1103 Sed
936 1056 1036 1103 interim
1051 1056 1187 1106 secundum
1203 1055 1324 1116 fragilita·

236 1124 458 1184 quodemdas,non
464 1136 629 1172 murmurare:
638 1125 767 1185 invocare,
793 1124 843 1173 tem
853 1124 921 1172 vocis
931 1125 1033 1182 nostres,
1044 1123 1069 1171 et
1080 1123 1218 1170 secuudum
1230 1124 1324 1183 tempo·

238 1204 338 1250 rogare,
347 1206 395 1240 non
404 1195 530 1253 querelam
541 1206 695 1253 expromere.
792 1192 826 1240 ris
836 1192 956 1239 rationem
966 1193 1024 1239 satis
1035 1192 1067 1239 sit
1074 1191 1147 1239 hodie
1157 1191 1236 1239 etiam
1245 1191 1277 1238 de
1287 1204 1323 1238 sa·

236 1306 239 1311 .
267 1261 306 1307 22.
319 1263 429 1310 Tenebat
439 1262 534 1321 virgam
544 1263 652 1321 lloyses,
661 1263 767 1310 etduce-
792 1274 833 1308 cro
843 1260 909 1308 fonto
920 1261 1011 1309 libasse
1019 1259 1142 1320 mysteria.
1150 1259 1324 1320 crastiuadie,

236 1327 279 1376 bat
300 1332 418 1389 populum
438 1331 597 1376 Hebraeorum
613 1331 639 1376 in
654 1332 725 1378 nocte
741 1332 767 1378 in
791 1330 812 1377 si
819 1329 936 1377 Dominus
943 1329 1039 1377 dederit
1049 1328 1165 1388 loquendi
1177 1328 1324 1387 potestatem

236 1397 349 1443 columna
358 1398 418 1444 lucis
427 1430 435 1456 ,
444 1397 470 1444 in
479 1397 519 1444 die
530 1397 555 1443 in
564 1398 674 1444 columna
685 1400 765 1446 nubis.
791 1399 832 1446 vel
843 1398 951 1456 copiam,
962 1398 1060 1458 plenius
1071 1396 1201 1444 intimabo.
1214 1397 1324 1456 opusest

238 1465 291 1509 Lux
302 1465 362 1523 quid
371 1467 408 1512 est
416 1466 463 1512 nisi
472 1466 575 1524 veritas3
587 1465 644 1526 quia
655 1467 766 1525 apertum
792 1465 819 1512 ut
829 1466 1031 1514 sanctitasveslra
1040 1464 1324 1524 auresparatasbabeat,

237 1534 263 1578 et
281 1534 381 1591 plenum
402 1536 486 1582 lumen
508 1534 629 1582 effundit?
650 1537 766 1583 Columna
790 1535 948 1594 promtiorem
966 1535 1089 1594 animum3
1107 1534 1136 1582 ut
1156 1546 1188 1582 ea
1207 1547 1264 1594 quae
1282 1549 1324 1583 nos

237 1603 300 1649 lucis
314 1603 435 1664 quidest,
451 1605 498 1652 nisi
514 1605 622 1653 Christus
635 1606 765 1666 Dominus,
791 1603 906 1663 colligere
917 1616 1045 1662 possumus
1060 1602 1090 1650 de
1104 1602 1170 1649 serie
1182 1593 1323 1662 Scriptura·

236 1670 556 1729 quitenebrasinlidelitatis
564 1674 672 1733 depulit,
684 1675 766 1722 lucem
790 1684 858 1729 rum,
878 1674 903 1718 et
921 1671 990 1719 vobis
1008 1671 1220 1729 intimaverimus,
1236 1671 1323 1720 tenere

237 1738 348 1785 veritatis
367 1739 393 1787 et
408 1742 491 1799 gratiae
506 1741 624 1801 spiritalis
639 1743 766 1790 affectibus
789 1740 898 1801 possitis3
910 1740 939 1787 ut
948 1739 1060 1786 habeatis
1073 1740 1176 1798 gratiam
1191 1739 1286 1799 Patris,
1298 1741 1323 1788 et

237 1805 328 1854 inludit
338 1808 565 1857 bumanisidtvero
574 1812 685 1857 columna
693 1811 766 1858 nubis
789 1808 858 1868 Filii,
876 1810 901 1856 et
919 1809 1024 1869 Spiritus
1042 1808 1128 1855 sancti.
1146 1806 1192 1853 Cui
1208 1807 1321 1856 Trinitati

237 1875 274 1921 est
284 1875 390 1935 Spiritus
399 1878 504 1924 sanctus.
515 1880 613 1925 inmari
623 1879 676 1926 erat
686 1892 765 1938 popu·
789 1877 935 1936 perpetuum
954 1877 992 1924 cst
1010 1888 1113 1934 regnum
1132 1886 1146 1920 a
1165 1876 1280 1936 saeculis,
1298 1877 1322 1924 cl

236 1941 288 2001 lus,
300 1944 325 1990 el
336 1944 438 2003 praeibat
454 1946 565 1992 columna
576 1946 640 1993 lucis
653 1958 660 1991 a
676 1945 764 1993 deinde
789 1957 855 1992 nurse
863 1946 889 1992 et
899 1956 1010 2006 semper,
1018 1944 1078 1992 etin
1088 1943 1170 1992 omnia
1179 1945 1322 1992 saeculasa-

236 2010 383 2069 sequebatur
398 2013 510 2060 columna
525 2013 611 2072 nubis,
628 2012 698 2074 quasi
709 2024 765 2060 um·
788 2011 907 2061 culorum.

547 2303 695 2372 LIBER
722 2302 988 2374 SECUNDUS.

710 2481 845 2492 ..ι-...ι-

416 2591 542 2644 CAPUT
560 2591 585 2640 1,
789 2578 1059 2640 nonsuntbaptismata.
1069 2580 1319 2643 baracrasunt,bap·
1334 2555 1348 2563 '¹

789 2648 885 2694 tismata
894 2662 946 2696 esso
958 2661 1007 2695 non
1017 2648 1127 2708 possunt.
1136 2649 1198 2696 Caro
1209 2649 1317 2707 lavatur,

235 2699 329 2739 Itesumit
336 2701 494 2748 explicationem
500 2699 760 2762 diluvii,quoliguralum
788 2728 838 2763 noll
850 2718 921 2775 culpa
932 2718 1047 2765 dilustur,
1061 2717 1135 2763 immo
1152 2715 1180 2762 in
1195 2716 1240 2762 ino
1253 2717 1318 2763 lm·

257 2765 297 2792 esse
307 2755 380 2792 adserit
392 2765 469 2792 verum
483 2755 626 2802 baptismum
635 2754 673 2791 ubi
682 2754 708 2791 de
716 2753 761 2790 alus
939 2789 942 2794 ,
1040 2750 1047 2775 ’
1236 2785 1241 2794 .

257 2807 383 2854 baptismatis
390 2817 456 2855 pauca
463 2808 579 2856 suejrrngu.
789 2797 829 2831 cro
836 2785 994 2832 contrabitur.
1003 2785 1164 2831 Erantautem
1173 2783 1318 2843 baptismata

788 2852 993 2911 Judaeorum,alia
1001 2848 1317 2912 sup'erssua,aliains1gura.

789 2921 818 2965 nt
830 2921 905 2979 ligura
920 2922 972 2980 ipsa
983 2921 1053 2968 nobis
1062 2919 1159 2980 prolicit
1168 2932 1175 2981 3
1183 2920 1243 2982 quia
1255 2919 1319 2968 veri·

790 2989 846 3036 tatis
855 2990 892 3036 est
901 2989 996 3037 ntmtia.

265 2885 289 2931 l.
299 2887 328 2932 ln
339 2885 432 2935 diluvio
444 2899 541 2947 quoque
558 2885 659 2945 figuram
670 2885 761 2944 baptis·

234 2955 305 3002 matis
330 2957 483 3014 precessisse
504 2956 619 3004 besterno
643 2955 761 3014 coepimus

207 3061 209 3066 .
233 3024 365 3083 disputare.
383 3025 448 3082 Quid
463 3025 500 3071 est
518 3024 650 3082 diluvium,
669 3023 717 3069 nisi
736 3023 761 3068 in

233 3105 280 3150 quo
294 3093 373 3149 justus
389 3093 420 3139 ad
434 3093 591 3139 seminarium
604 3092 706 3151 justitiae
720 3103 760 3136 rc-

233 3161 358 3217 servatur,
370 3159 499 3218 peccatum
512 3159 631 3205 moritur?
646 3158 702 3205 ldco
713 3159 761 3204 Do·
958 3141 1088 3194 CAPUT
1105 3142 1148 3193 ῙῙ·

233 3226 314 3274 minus
325 3227 353 3272 Ut
368 3226 430 3274 Vidit
447 3226 574 3272 hminum
585 3226 705 3284 pnllulase
718 3226 761 3272 de·
787 3244 873 3284 Piscinae
882 3248 998 3295 probaticae
1006 3250 1031 3286 ab
1041 3249 1122 3296 bugeio
1132 3253 1263 3299 commotas,
1270 3251 1317 3291 acsi

233 3295 304 3354 licia,
314 3296 407 3352 justum
419 3295 497 3342 solum
513 3307 568 3341 cum
584 3306 627 3341 sua
643 3296 759 3354 progenie
809 3301 938 3347 quiprnnus
948 3302 971 3338 in
981 3303 1040 3338 inam
1053 3301 1201 3347 descendisses,
1209 3305 1317 3341 sanitatem

231 3363 367 3410 reservavit
376 3376 382 3406 :
392 3375 479 3422 aquam
489 3363 571 3410 autem
582 3375 653 3422 supra
664 3364 759 3410 montes
809 3354 1051 3417 ¹⁰⁵¹¹¹¹¹⁹3¹¹¹ff⁵⁵ss¹⁰¹¹¹<1¹¹0
1058 3355 1317 3403 paralyuciaocnrrsrum

231 3440 327 3487 quoquc
339 3429 408 3475 exire
424 3430 551 3488 praecepit.
567 3428 597 3475 Et
614 3429 669 3476 ideo
679 3431 705 3476 in
716 3431 758 3477 illo
809 3415 910 3454 ¹e⁵¹³⁰¹¹⁵¹⁰
920 3409 1075 3446 edisseruntur.
1181 3453 1184 3459 ·

231 3494 325 3542 diluvio
334 3497 412 3542 omnis
420 3496 758 3558 corruptelacarnisinteriit,
815 3496 838 3541 5.
857 3498 922 3554 Qum
943 3497 1037 3545 lectum
1053 3498 1090 3545 est
1105 3496 1178 3545 berit
1197 3503 1316 3561 Angelus,

231 3563 280 3608 sola
289 3564 350 3620 iusti
364 3565 475 3623 prosapia
489 3565 513 3611 et
528 3565 604 3611 iorma
616 3568 758 3623 permansit.
786 3562 881 3623 inquit,
892 3567 1026 3612 sccundum
1041 3567 1140 3624 tempus
1152 3567 1315 3616 descendebat

230 3631 313 3677 Nonne
325 3631 370 3678 boc
381 3632 418 3679 est
432 3632 568 3691 diluvium,
577 3633 641 3691 quod
652 3636 688 3681 est
698 3635 759 3694 bop-
786 3632 811 3676 in
823 3633 955 3692 piscinam,
968 3636 994 3681 ct
1004 3635 1209 3694 quotiescumque
1219 3636 1316 3683 descen·

78 3738 85 3746 .
138 3723 140 3729 ι
229 3696 699 3759 iisma3quopeccataomniadiluuntur,
708 3703 758 3749 sola
784 3699 860 3746 disset
879 3700 1002 3760 Angelus,
1024 3701 1168 3750 movebatur
1194 3713 1274 3763 aqua3
1294 3703 1316 3749 et

227 3766 287 3823 justi
300 3768 671 3825 mensctgratiarosuscitaiur?
785 3768 826 3826 qui
848 3769 914 3826 prior
933 3769 1113 3830 descendisset,
1134 3770 1272 3818 sanabatur
1288 3770 1315 3817 ab

259 3833 282 3879 2.
301 3835 376 3881 illulta
395 3835 450 3880 sunt
466 3847 554 3893 genera
570 3836 756 3894 baptismatum,
784 3837 852 3882 omni
867 3837 982 3896 languore
1001 3851 1158 3900 quocumque
1176 3838 1314 3886 tenebatur.

228 3902 270 3949 scd
283 3915 358 3948 unum
374 3901 508 3961 baptisma,
520 3903 608 3949 clamat
620 3904 755 3962 Apostolus.
784 3905 852 3962 Quod
862 3906 980 3964 siguificat
990 3908 1092 3967 figuram
1104 3907 1205 3954 venturi
1218 3905 1316 3954 Domini

227 3969 320 4031 Quare?
338 3970 399 4017 Sunt
416 3971 562 4030 baptismata
578 3970 701 4027 rentium,
713 3972 768 4028 scd,
785 3973 861 4020 nostri
872 3975 930 4021 lesu
941 3975 1040 4023 Gbristi.
