2746 4800
596 395 722 440 sineri
743 394 915 440 AMBROSH

222 478 270 526 etsi
281 489 329 526 non
341 488 489 525 excusamus
497 488 511 524 a
519 476 601 536 culpa.
610 476 706 524 Etenim
715 487 752 523 se·
778 477 844 523 Deus
854 476 926 524 Pater
936 473 1025 523 docere
1042 485 1083 523 vos
1094 472 1190 535 potuit,
1199 474 1244 536 qni
1256 475 1312 527 aits

221 546 328 595 cundum
338 545 446 592 nostram
459 544 607 592 sententiam
616 543 674 604 quia
687 554 752 590 unus
777 547 851 606 Super
864 559 932 607 quem
946 544 1032 593 videsis
1047 545 1160 606 Spiritum
1173 546 1311 595 descendens

220 617 301 673 Deus,
311 626 360 662 uua
378 614 509 672 divinitas,
525 613 551 661 et
560 614 642 660 unitas
657 613 752 676 intelli·
777 616 854 662 temet
871 615 1003 660 monentem
1014 612 1083 674 super
1098 626 1152 660 eum
1159 646 1168 672 ,
1178 614 1215 662 leio
1227 618 1261 662 est
1272 618 1311 676 qut

221 685 285 743 gitur
302 683 438 743 potestatis.
450 680 519 730 Sicut
530 694 608 729 unum
620 683 700 728 Deum
711 680 749 726 di·
777 683 880 742 baptizat
903 684 929 729 in
947 683 1037 742 Spiritu
1056 681 1158 730 annoto?
1176 683 1310 737 Descendit

220 753 312 812 cimus,
322 752 348 800 et
357 752 454 799 Patrem
469 763 528 799 vero
539 750 638 797 deitatis
651 749 750 797 nomine
777 751 843 797 enim
854 750 959 810 Spiritus
968 751 993 797 in
1005 749 1088 811 speeie
1100 751 1220 800 columbae
1229 765 1237 812 3
1246 750 1275 800 ut
1284 752 1309 802 et

220 821 432 881 confitentes‚nee
440 820 530 867 Filium
542 819 704 879 denegantem
715 817 750 864 ita
776 819 902 879 sapientias
911 819 1081 867 testimoninm
1092 819 1182 879 terret,
1194 819 1220 867 et
1228 833 1309 869 sacra-

219 889 294 935 etiam
306 889 426 948 Spiritum
437 888 549 935 sanetum
560 898 574 932 a
586 885 686 932 deitatis
700 897 750 932 non
774 889 884 935 mentum
896 888 988 937 lavacri
1005 887 1124 947 spiritalis
1139 889 1272 948 impleret,
1283 891 1310 939 et

218 957 372 1006 excludimus
387 955 499 1014 unitate,
514 954 541 1002 et
557 955 608 1002 tres
626 954 684 1000 deos
700 965 750 1000 non
774 958 848 1004 unius
859 970 885 1005 se
897 970 953 1005 cum
968 959 1039 1006 Patre
1048 958 1073 1006 et
1085 958 1146 1006 Filio
1157 959 1309 1018 operationis

218 1023 368 1084 adserimus,
380 1024 423 1071 sed
434 1035 564 1082 negamus3
578 1021 635 1082 quia
645 1020 750 1081 plurali·
774 1027 924 1075 ostenderet.
1223 1074 1226 1078 ,

218 1092 294 1138 tatem
304 1105 354 1140 non
363 1092 445 1139 unitas
459 1091 532 1150 tacit,
548 1090 592 1138 sed
604 1088 693 1137 divisio
704 1102 749 1149 po-
803 1096 842 1144 99.
854 1097 887 1143 Ac
899 1107 931 1142 ne
942 1107 988 1154 per
998 1093 1194 1154 imprudentiam
1210 1093 1307 1156 aliquid

217 1160 321 1206 testatis.
339 1159 464 1218 Quomodo
487 1160 555 1206 enim
580 1158 748 1218 pluralitatem
773 1165 896 1213 excidisse
905 1163 1160 1224 ApostoloJudicetis‚
1171 1162 1215 1210 sed
1225 1165 1307 1213 scien·

109 1217 119 1237 ⁶
217 1227 307 1287 “iiiiii
321 1228 401 1275 mliii-i
418 1227 567 1286 divinitati&
578 1239 635 1274 cum
645 1225 748 1286 lillll'ffi·
772 1236 823 1282 tem
840 1234 1039 1295 prudentemque
1056 1232 1082 1280 et
1097 1231 1180 1278 sancto
1196 1231 1306 1280 infusum

216 1294 254 1341 ¹³⁸
271 1297 368 1342 numeri
384 1296 430 1354 Sita
448 1307 578 1343 numerum
596 1295 679 1342 autem
697 1306 747 1342 110ss
772 1302 866 1362 Spiritu
890 1301 1038 1361 significasse
1057 1300 1206 1359 Dominum,
1230 1313 1306 1360 quem

215 1363 321 1422 recipiat
332 1363 417 1411 (fitilla
426 1361 533 1409 flatilia?
772 1371 852 1418 Deum
870 1370 1008 1431 sentiebat,
1019 1369 1094 1417 etiam
1110 1370 1137 1416 in
1155 1369 1264 1419 secunda
1274 1371 1306 1419 ad

303 1455 304 1458 ¹
402 1487 405 1493 ,
440 1453 513 1466 ·-
770 1439 1002 1486 Thessalonicenses
1013 1438 1117 1499 epistola
1128 1438 1175 1484 lroc
1186 1437 1304 1487 idemre-

378 1489 507 1543 GAPUT
518 1488 602 1540 XIV·
692 1548 695 1554 .
769 1507 859 1567 petivit
870 1508 956 1555 dicens
968 1520 975 1552 ε
987 1508 1103 1556 Domitius
1119 1509 1199 1554 autent
1216 1507 1304 1568 diripui

215 1581 298 1621 l‘rcetcr
311 1582 421 1630 superiora
432 1582 564 1630 testimonia,
582 1581 633 1620 alios
647 1581 703 1620 locos
718 1581 745 1619 ad
769 1577 925 1625 cordavestra
933 1579 957 1623 in
966 1577 1084 1623 dilectione
1094 1577 1303 1636 Dci,etpoit'enit‘tl

237 1636 373 1685 iminium
387 1636 457 1673 “1³¹⁰
471 1645 612 1684 uisurum
626 1635 744 1683 iuverim
769 1645 864 1693 censet.
881 1645 905 1693 si
923 1645 1025 1693 anteana
1038 1645 1084 1693 ner
1101 1645 1152 1704 est,
1168 1645 1195 1691 et
1212 1645 1304 1695 oman

237 1687 319 1737 adferri
333 1697 395 1736 posse.
411 1687 551 1725 Adternntur
564 1687 608 1726 dno
618 1698 645 1725 ex
656 1688 745 1735 epistolis
812 1715 818 1725 .
866 1715 872 1726 .
948 1714 953 1725 .
1085 1713 1091 1724 .
1183 1712 1189 1724 .
1219 1713 1248 1726 ..

238 1743 264 1781 ad
271 1743 392 1781 Thessalon.
399 1745 420 1779 et
427 1742 500 1780 iisdem
508 1741 601 1790 spiritui
607 1741 743 1780 dominatum
768 1714 903 1773 ”memmi
912 1727 967 1775 (1⁰¹⁸
976 1712 1013 1762 ⁰⁸t
1021 1715 1140 1761 D⁰m¹nu⁸
1147 1726 1191 1773 qm
1200 1713 1301 1776 ‘bugat‘

237 1797 291 1836 near
309 1800 329 1835 et
348 1796 393 1834 aliis
408 1797 503 1844 personis
518 1796 632 1844 arrogari,
650 1796 744 1833 aliorum
768 1781 842 1829 debet
864 1783 976 1840 ostendi,
995 1781 1016 1828 si
1035 1781 1199 1831 directionem
1221 1785 1301 1832 Sancti

237 1851 356 1900 Scripturas
374 1853 475 1889 textuum
490 1850 602 1896 collatione
616 1849 742 1888 ostenditur.
767 1849 872 1909 Spiritus
883 1851 1041 1909 denegamus,

237 1905 332 1943 Domum
348 1904 412 1942 citato
422 1904 464 1942 alio
480 1915 505 1942 ex
515 1905 582 1942 aliern
599 1904 626 1941 ad
643 1903 743 1942 Corinth.

236 1958 307 1996 adhuc
322 1958 451 2005 expressiore
463 1957 522 2004 loco,
530 1959 550 1994 et
564 1957 683 1994 Dominum
699 1956 744 2004 Spi·
785 1919 851 1998 ,Μ’
863 1919 911 1998 seq
923 1931 1015 1979 negare
1024 1929 1073 1996 m
1083 1930 1225 1998 possumus,
1236 1933 1300 1980 (Μ’

236 2012 304 2049 ritum
314 2015 399 2057 esse,cl
415 2010 455 2048 ulai
469 2011 496 2049 sit
504 2010 624 2057 Dominus,
636 2009 741 2058 Spiritum
766 1999 832 2034 illam
852 1988 883 2035 de
900 2000 953 2048 ¹9⁵⁰
970 1988 1089 2034 D⁰m¹¹¹u⁸
1108 1986 1175 2035 (1¹¹st
1191 2000 1198 2032 ²
1217 1989 1300 2039 ‘¹th

236 2065 402 2114 nemincum.
766 2056 1300 2118 multolnbeooobiadicere,sednonpoteatie

242 2138 282 2188 96.
293 2140 364 2187 Unus
375 2138 521 2198 manneus,
532 2137 600 2184 salva
614 2135 741 2193 majestate
765 2127 807 2173 illo
821 2130 918 2187 portare
937 2127 1014 2174 modo.
1032 2127 1092 2173 Cum
1111 2127 1191 2172 autent
1209 2129 1299 2176 uenerit

213 2206 340 2253 Trinitatis
354 2206 466 2264 aetemae,
478 2204 542 2253 sicut
557 2204 682 2264 proposito
698 2203 742 2250 (10.
765 2195 802 2242 ille
813 2197 914 2256 Spiritus
922 2197 1028 2243 veritatis
1033 2195 1143 2253 ,deducet
1154 2207 1194 2243 ooo
1210 2196 1235 2241 in
1246 2209 1297 2242 om·

212 2276 317 2322 clar-atur
336 2276 460 2334 exemplo,
475 2275 524 2320 Nee
544 2285 573 2321 eo
588 2274 671 2319 tamen
690 2274 741 2319 solo
765 2277 817 2312 item
828 2267 958 2312 veritatem.
970 2264 999 2310 Et
1014 2263 1093 2311 David
1103 2263 1134 2311 de
1146 2263 1199 2324 ipso
1212 2263 1295 2311 diditi

212 2343 265 2388 loco
282 2341 428 2388 Trinitatem
438 2341 550 2388 videmus
560 2339 660 2387 nomine
676 2339 741 2387 divi-
765 2335 863 2392 Spiritus
874 2337 927 2381 inne
946 2333 1018 2382 bonus
1032 2335 1126 2380 deducet
1141 2346 1179 2380 sne
1194 2335 1220 2381 in
1231 2335 1295 2383 ciam

136 2398 139 2402 ’
211 2410 296 2457 nitatis
310 2422 465 2469 expressam,
479 2409 523 2457 sed
541 2421 599 2456 oum
615 2409 740 2469 plerisque
763 2404 860 2450 rectum·

211 2478 284 2536 locis,
307 2477 371 2524 sicut
389 2477 415 2525 et
442 2489 517 2537 supra
544 2477 669 2538 diximus,
686 2480 740 2526 tum
794 2469 920 2516 {Oi-Vide
933 2469 1034 2530 quidde
1046 2468 1140 2528 Spiritu
1151 2471 1295 2518 sanctovox

211 2545 320 2592 maxime
327 2544 357 2600 ,in
373 2545 413 2592 his
424 2545 533 2606 epistolis
548 2557 608 2604 quas
618 2545 650 2601 ad
662 2546 740 2594 Thes.
763 2536 889 2584 nominiea
897 2537 1062 2586 resultaverit.
1071 2537 1149 2584 Filius
1156 2537 1204 2584 Dei
1214 2537 1293 2596 venit,

210 2613 373 2660 salonicenses
384 2613 512 2673 Apostolus
523 2613 635 2672 scripsit,
647 2615 739 2662 divini·
762 2605 788 2652 θῑ
806 2605 863 2666 quia
884 2606 992 2653 nondum
1015 2605 1141 2653 infuderit
1159 2605 1293 2666 Spiritum,

209 2683 286 2728 tatem
301 2683 374 2741 atque
385 2681 538 2729 dominatum
554 2683 633 2733 Patris
645 2684 671 2730 et
681 2683 737 2729 Filii
760 2676 876 2739 parvulos
887 2675 1003 2736 quosdam
1017 2688 1061 2722 uos
1072 2675 1162 2734 degere
1171 2674 1225 2722 sine
1236 2675 1293 2736 Spi-

209 2750 235 2796 et
245 2749 349 2808 Spiritus
359 2749 437 2796 saneti
452 2749 636 2798 evidentissime
653 2751 737 2798 decla·
761 2743 811 2790 ritu
819 2744 962 2794 declaravit.
969 2745 1086 2805 Spiritum
1093 2744 1159 2792 dixit
1169 2757 1223 2792 esse
1230 2756 1293 2792 ven·

208 2818 281 2867 ravit.
292 2817 331 2865 Sic
343 2819 410 2866 enim
425 2818 520 2865 hahes:
535 2820 583 2869 Vos
597 2823 676 2867 autem
686 2822 737 2868 po.
761 2811 858 2873 turum,
868 2814 912 2875 qui
930 2813 1066 2861 faeeret'or
1082 2813 1192 2873 parvulis
1208 2813 1292 2861 tortio·

208 2889 285 2936 snmus
299 2889 448 2948 multiplicet,
458 2891 480 2935 et
495 2888 615 2937 abundare
628 2890 702 2948 faciat
712 2892 736 2936 fn
760 2895 813 2944 res,
823 2883 974 2931 incremento
983 2881 1100 2930 videlicet
1108 2881 1227 2941 spiritalis
1234 2881 1293 2929 arta·

207 2959 304 3004 enrimte
314 2959 409 3005 invicem
417 2960 439 3005 et
454 2959 479 3004 in
489 2971 583 3015 munes,
593 2960 652 3005 sieut
661 2961 684 3005 et
694 2971 736 3006 nos
760 2952 800 3000 tis.
808 2954 878 3011 Quod
887 2954 942 3001 ideo
953 2951 1047 3012 posuit,
1056 2962 1105 2998 nou
1113 2963 1161 3010 quo
1170 2951 1290 2999 virtutem

206 3028 235 3071 in·
250 3025 328 3083 nobie,
345 3027 376 3072 nd
394 3026 554 3084 confirmanda
573 3028 644 3073 corda
658 3028 735 3074 nestra
759 3021 864 3081 Spiritus
872 3021 1070 3080 anteferret‚sed
1079 3020 1140 3066 utin
1148 3020 1289 3080 cognitione

206 3096 255 3140 eina
276 3095 370 3154 querele
398 3097 423 3140 in
446 3094 627 3151 sanctificatione
653 3107 734 3142 eorem
758 3090 884 3139 Trinitatis
893 3089 1034 3139 ostenderet
1043 3089 1225 3150 plenitudinem
1236 3103 1287 3142 esso

206 3166 286 3210 Decet
296 3165 369 3210 Patre
380 3165 460 3210 nostro
478 3165 503 3210 in
519 3164 618 3214 adventu
638 3166 735 3215 Domini
758 3159 867 3208 virtutis.

205 3234 269 3278 lesu.
789 3227 842 3276 lon.
853 3229 957 3275 Necesse
969 3227 1007 3276 est
1023 3228 1098 3287 igitur
1114 3227 1157 3275 aut
1174 3230 1288 3287 quartum

235 3298 274 3344 97.
283 3298 342 3356 Quis
350 3299 387 3347 est
396 3299 473 3358 igitur
484 3301 612 3358 Dominus,
620 3300 663 3361 qui
670 3301 733 3348 mul·
757 3297 864 3360 aliquem
883 3297 985 3356 dicatis,
1002 3310 1077 3357 quem
1093 3295 1187 3344 sentire
1198 3299 1288 3357 praeter

204 3365 303 3424 tiplioet
313 3379 370 3426 nos,
385 3367 411 3414 et
422 3369 547 3417 abundare
563 3369 637 3417 iaciat
651 3381 732 3417 coram
757 3366 876 3426 Spiritum
887 3367 1013 3414 debeatisz
1023 3368 1064 3414 aut
1074 3369 1140 3415 certe
1151 3379 1200 3413 nou
1210 3368 1287 3416 alium

204 3434 256 3481 Deo
268 3434 294 3481 et
302 3436 374 3483 Patre
384 3436 502 3484 nostro-in
511 3437 620 3485 adventu
629 3437 733 3486 Domini
757 3434 882 3482 dominum
898 3434 1030 3493 judicetis,
1047 3433 1096 3481 nisi
1114 3434 1231 3494 Spiritum
1243 3436 1286 3484 de-

203 3501 279 3550 iesui
296 3503 393 3551 Patrem
408 3504 486 3564 dixit,
501 3505 631 3553 etlilium
647 3505 730 3553 dixit:
756 3503 887 3561 signatum.

204 3582 276 3628 quem
291 3583 348 3630 ergo
364 3585 421 3620 oum
440 3574 510 3620 Patre
523 3574 549 3622 et
563 3574 626 3621 Filio
641 3575 732 3633 praeter
787 3573 840 3619 105.
857 3572 927 3630 Quod
944 3573 965 3620 si
984 3571 1125 3620 evidentem
1144 3572 1285 3631 conceptio-

203 3637 322 3697 Spiritum
330 3639 499 3698 junxitiQuis
511 3642 548 3690 est
558 3642 679 3691 Dominus
687 3643 731 3701 qui
756 3652 813 3688 nem
830 3641 962 3688 verborum
973 3641 1087 3700 exigitis,
1098 3641 1187 3700 quibus
1197 3641 1285 3689 Donni·

94 3725 102 3737 ·
203 3706 275 3754 eorda
294 3709 376 3754 nostra
390 3709 416 3754 in
432 3711 625 3758 sanctificatione
644 3711 731 3758 constr-
755 3723 814 3757 num
825 3709 945 3769 Spiritum
955 3710 1079 3771 Scriptura
1095 3710 1284 3772 memoraverit,

202 3776 253 3823 met
260 3773 270 3822 i
277 3775 439 3824 Sanctificatio
450 3779 518 3825 enim
526 3779 604 3839 mutia
613 3779 730 3838 spiritalis
755 3791 801 3826 nec
811 3779 837 3826 id
848 3779 925 3826 latere
935 3792 979 3827 vos
990 3780 1083 3840 potuit3
1095 3779 1152 3838 quia
1166 3778 1284 3837 seriptum

202 3847 253 3907 cst,
264 3847 326 3894 sicut
338 3847 364 3895 et
377 3847 441 3894 intra
458 3848 542 3896 dixit:
562 3853 591 3897 ln
601 3851 730 3908 sanctitica-
755 3849 810 3896 est:
825 3850 941 3896 Dominus
952 3852 1031 3896 antean
1046 3850 1147 3908 spiritns
1161 3850 1202 3896 est.
1213 3848 1283 3905 Quod
1308 3900 1315 3919 ·

203 3918 264 3964 tione
274 3918 385 3977 spiriton,
396 3919 417 3963 et
426 3917 591 3975 tideoeritetis.
754 3918 839 3977 utique
854 3917 947 3964 dietum
962 3917 993 3966 dc
1005 3917 1097 3978 Spiritu
1112 3916 1196 3965 sancto
1207 3917 1284 3964 totius
1332 3920 1335 3926 ⁴

232 3985 272 4033 98.
280 3985 357 4043 Quem
365 3985 522 4045 putatisorgo
530 3987 572 4033 hic
583 3987 728 4047 Dominum,
754 3985 831 4035 sorios
845 3986 958 4035 lectionis
973 3987 1089 4036 ostendit.
1100 3986 1131 4034 Et
1146 3986 1202 4034 ideo
1220 3985 1283 4046 ipo·

202 4056 290 4108 praeoer
318 4053 435 4116 Spiritum
462 4056 651 4114 nuncupatum?
678 4057 726 4105 Noc
753 4056 837 4104 stolica
855 4056 1035 4104 consideremus
1057 4054 1153 4114 eloquia
1168 4067 1175 4101 z
1188 4057 1286 4117 Quoties
