2760 4800
274 373 316 443 DII
330 377 433 420 OBITU
448 378 701 425 VALENTINIANI
718 383 943 430 consolaris).
1106 381 1149 434 lat
1187 442 1188 445 Ἰ

57 463 106 500 reu
114 486 123 511 ,
139 453 214 514 plenta
229 455 324 504 ficareto
332 472 341 517 ,·
354 470 383 504 eo
395 458 460 517 quod
475 460 501 505 in
510 459 592 507 verbis
617 476 699 512 rursus
718 465 877 524 convertere,
896 467 969 526 atque
981 466 1012 514 ad
1029 469 1145 518 llierusa·

58 520 114 579 ejus
123 523 219 581 justitia
230 524 373 584 refulgeret,
387 527 490 574 intactis
498 528 522 576 et
532 541 593 587 ope-
617 534 667 580 lem
678 532 746 578 illam
757 533 885 582 civitntem
895 535 1037 582 sanctornm
1049 537 1099 584 tota
1110 540 1151 585 in-

57 591 129 638 ribns
138 593 393 652 reniteretgratiarin
402 597 483 655 quoet
491 598 592 656 plenum
617 599 727 648 tentione
739 600 838 649 festina.
851 602 899 650 Aut
910 605 976 651 certe
989 604 1047 663 quia
1058 604 1089 650 ad
1099 607 1151 652 ani·
1227 642 1231 649 .

56 658 355 709 vtrtutisetautboritatis
362 665 452 723 regalis
461 665 526 712 esset
533 667 592 712 allo·
617 682 681 717 mam
699 669 766 729 piam
783 671 893 720 Christus
911 673 958 720 hoc
978 672 1053 732 dicit,
1079 674 1151 731 jubet

56 730 144 790 quium
152 763 159 790 ,
166 742 214 778 nec
222 729 314 778 inflexa
319 733 402 793 aliquo
407 732 591 783 mortisterrorc
616 740 684 786 illam
696 738 821 799 paulisper
832 741 943 789 converti
953 754 960 801 3
979 742 1008 789 ut
1018 742 1089 789 nobis
1099 743 1152 802 glo·

56 799 210 860 constantia,
240 799 266 846 et
289 800 412 848 factorum
437 803 545 862 pretiosa
567 806 592 851 et
616 805 653 852 ria
670 806 724 863 eius
744 809 876 866 appareat,
898 810 924 856 et
944 810 1046 868 requies
1066 809 1152 857 futura

57 867 189 914 emendata
200 869 335 929 correcti03
346 871 426 918 omnis
434 871 502 919 enim
512 871 591 920 bonus
616 886 672 922 oum
681 875 769 922 sanctis
779 889 789 920 ι
801 877 827 924 et
837 877 922 936 postea
930 878 1044 936 praecipit
1056 890 1109 924 eam
1119 877 1151 924 ad

56 937 186 997 operarius
194 939 437 993 manuscbristiest.
616 943 678 989 illud
701 956 836 1002 supernum
864 945 1007 993 sanctorum
1031 944 1150 994 festinare

87 1005 129 1054 65.
141 1009 230 1056 Fauces
240 1008 288 1066 eiua
299 1009 440 1067 dulcedines,
452 1012 475 1058 ct
483 1013 544 1059 totus
552 1012 591 1058 dc·
616 1011 774 1058 consortium.

54 1075 178 1126 atomum.
196 1077 274 1133 Quam
285 1075 367 1123 dulcia
377 1077 445 1124 enim
457 1078 540 1124 urania
549 1078 591 1135 jn·
645 1079 684 1126 66.
698 1081 758 1140 Quid
772 1082 885 1139 videbilis,
896 1081 978 1142 inquit
990 1116 998 1142 ,
1012 1085 1037 1131 in
1048 1084 1150 1131 solomi-

55 1142 124 1191 dicia
136 1143 190 1201 eius
200 1145 372 1192 universorum
384 1144 497 1192 faucibus
507 1146 591 1194 adbae-
616 1151 674 1206 lide,
686 1161 738 1209 quor
755 1151 818 1196 venit
839 1152 899 1198 sicot
918 1151 982 1199 chori
1000 1151 1150 1200 castrorum?

54 1211 157 1259 serunt!
175 1213 272 1271 Quanta
282 1212 362 1273 gratia
377 1225 502 1262 sermones
513 1214 590 1273 ipsius
615 1216 661 1262 boc
672 1215 721 1273 cst,
732 1215 759 1262 in
770 1227 799 1262 oa
810 1229 866 1276 quae
878 1218 984 1264 multum
994 1219 1019 1265 et
1031 1218 1151 1265 adversus

55 1279 150 1341 singuli
171 1281 344 1329 recensenturt
365 1282 590 1342 Quemadmodum,
615 1284 733 1342 plurimos
751 1284 777 1330 ln
789 1296 891 1344 corpore
909 1287 1022 1345 praeliata
1035 1287 1081 1350 est.
1092 1288 1150 1334 Ete-
1223 1318 1226 1323 -

54 1349 106 1409 fili,
126 1349 297 1397 desiderarisa
312 1350 423 1409 populisl
444 1351 505 1396 blihi
521 1353 589 1399 certe
615 1352 666 1398 nim
684 1352 801 1413 pugnavit
812 1353 930 1401 adversus
942 1355 1075 1402 extraneos
1090 1355 1149 1401 laos-

55 1418 219 1478 imprcssisti,
239 1431 293 1478 quae
308 1419 408 1477 pectore
418 1419 493 1465 teneo
513 1420 589 1467 verba
614 1422 666 1479 tes,
678 1421 798 1481 pugnavit
809 1421 926 1469 adversus
939 1423 1047 1470 lubricas
1063 1423 1148 1470 seculi

55 1487 101 1534 illa
110 1487 248 1546 postrema,
259 1486 349 1547 quibus
365 1499 405 1533 me
416 1487 505 1535 vadem
518 1487 589 1534 tunm
614 1489 902 1549 mutationes,pngnavit
913 1490 1029 1537 adversus
1039 1491 1149 1550 corporis

55 1555 112 1602 fieri
128 1555 276 1615 postulabas.
295 1555 492 1616 Reliquisiiipse
505 1556 587 1603 deme
614 1557 773 1618 fragilitates,
794 1559 910 1606 adversus
929 1560 1079 1618 multiplices
1090 1572 1145 1619 pas-

56 1623 227 1672 testimonium
242 1623 332 1682 judicii
350 1623 457 1683 gloriosi.
476 1626 524 1686 Ego
542 1625 587 1671 tibi
614 1625 704 1674 dones.
726 1626 829 1674 Audiuit
844 1638 859 1674 a
875 1627 980 1675 Domino
991 1640 998 1672 ε
1009 1629 1147 1676 Goooertcrr

54 1692 132 1740 fidem
139 1705 220 1741 meam
230 1693 352 1746 exhibere
363 1705 412 1740 non
423 1692 506 1752 potui,
516 1704 589 1753 quam
614 1696 740 1743 solamitis.
750 1696 871 1742 conversa
879 1697 916 1742 est
927 1695 958 1742 ad
969 1709 1057 1755 pacem
1070 1699 1148 1746 semel

56 1761 188 1821 parabam
199 1761 253 1825 dixi
262 1761 346 1813 tamen
354 1762 458 1820 absens,
469 1761 495 1808 et
502 1761 589 1808 dicen·
615 1763 640 1809 in
650 1765 753 1823 saeculo,
762 1775 880 1813 conversa
891 1764 928 1811 est
938 1765 1030 1812 iterata
1040 1778 1149 1813 commu·

56 1831 109 1877 tem
123 1843 164 1878 me
175 1829 249 1879 iidem
258 1843 303 1890 pro
316 1830 342 1878 te
351 1830 461 1878 Christus
479 1829 586 1877 audivit.
615 1830 726 1878 nionead
742 1832 846 1892 gratiam
864 1830 970 1890 cbristi3
982 1836 1007 1880 et
1019 1833 1076 1880 ideo
1089 1836 1148 1893 pnl-

55 1898 168 1949 'fenctnr
184 1899 212 1947 in
236 1900 298 1947 coelo
323 1898 421 1958 sponsIo
447 1910 518 1956 mea,
539 1898 588 1945 etsi
614 1899 792 1946 craconversio
808 1898 862 1956 eins
876 1899 1148 1961 insaecnlo‚pulol1cr·

56 1979 108 2017 non
126 1967 225 2017 tenetur
241 1967 269 2014 in
289 1967 363 2015 terrie
375 1982 381 2013 a
394 1967 516 2025 obligatus
534 1978 590 2013 sum
614 1967 690 2015 rimus
697 1966 866 2026 incessuscjns
874 1968 900 2014 et
907 1968 1002 2016 volatus
1013 1969 1040 2016 in
1047 1971 1147 2018 coelum.

56 2037 126 2096 Deo,
137 2037 241 2084 etdnon
249 2036 317 2096 potui
327 2036 468 2082 hominibus
476 2035 588 2095 obligari.
644 2033 683 2082 67.
703 2036 772 2083 Unde
791 2036 901 2084 merctur
918 2037 1004 2084 andire
1021 2051 1029 2083 a
1046 2039 1149 2098 speciosi
1188 2039 1192 2052 ¹

88 2102 128 2152 66.
151 2106 275 2165 loquutus
295 2118 350 2153 sum
365 2105 396 2152 de
414 2116 514 2165 corpore
536 2105 588 2162 tuo,
614 2105 671 2164 facti
688 2108 742 2154 aaut
759 2119 848 2166 pressus
867 2109 902 2154 lai
920 2109 947 2154 io
968 2109 1142 2167 calceamentis,

56 2186 125 2223 nunc
145 2174 253 2233 alloquar
272 2174 378 2221 animam
399 2173 468 2221 tuam
489 2173 589 2232 dignam
612 2174 937 2234 filtoAmtucdcb‚hocest,
950 2174 1148 2236 filiaprincipis3

56 2240 209 2302 propheticis
226 2242 384 2289 ornamentis.
404 2242 494 2290 lisdem
513 2241 589 2301 igitur
614 2244 735 2302 speciosos
755 2243 822 2291 enim
844 2249 973 2302 processus
995 2244 1104 2291 habuisti
1120 2245 1147 2292 in

55 2312 115 2359 utar
125 2311 233 2361 exordiis
244 2326 250 2358 :
263 2315 376 2374 Quaenam
387 2315 420 2360 cst
438 2314 486 2360 boec
496 2313 589 2372 prospi—
614 2324 728 2371 corpore,
738 2312 863 2372 tamquam
875 2311 1041 2359 calceamento
1052 2324 1081 2358 eo
1093 2325 1147 2371 usa,

56 2383 120 2429 deria
135 2384 193 2430 sicet
203 2383 342 2439 diluculum,
360 2384 461 2444 speciosa
476 2384 503 2429 ut
517 2383 588 2437 icoo,
613 2393 662 2427 non
672 2381 701 2427 ιιι
711 2382 852 2438 involucro;
863 2381 891 2427 ut
907 2380 977 2439 qnasi
996 2382 1109 2439 superior
1121 2383 1146 2428 et

55 2451 129 2499 electo
139 2454 165 2497 ot
174 2451 324 2499 solfl'ideor
334 2450 395 2497 mihi
406 2452 431 2497 te
442 2450 528 2498 videre
540 2449 588 2496 fnl-
614 2450 778 2510 eminentior,
799 2460 848 2509 quo
858 2450 937 2497 velles
956 2450 1027 2496 tuum
1039 2451 1146 2497 circum-

55 2518 356 2577 gentom,videoraudire
367 2517 589 2566 diceutemzbilu-
614 2518 690 2566 ferres
708 2518 761 2566 sine
779 2519 830 2566 ulla
846 2518 980 2565 offensione
991 2519 1124 2578 vestigium
1141 2534 1148 2565 ε

56 2589 140 2636 culum
159 2588 222 2634 milri
242 2588 292 2648 est,
313 2588 391 2647 pater.
414 2589 470 2634 Nono
490 2588 589 2633 terrena
613 2587 654 2633 vel
675 2587 742 2634 certe
768 2587 833 2634 sicut
856 2586 1054 2633 calceamentum
1083 2588 1146 2635 illud

53 2661 186 2718 praecessit,
200 2661 246 2707 dies
264 2657 371 2705 coelcstis
386 2659 587 2717 appropinquanti.
614 2655 768 2714 exsolveres,
778 2655 842 2702 sicut
853 2654 947 2712 Moyses
955 2653 1015 2700 fecit
1026 2686 1034 2712 ,
1045 2656 1083 2700 cni
1095 2655 1147 2703 dic-

55 2726 177 2785 l'rospiois
192 2738 236 2772 nos
252 2724 336 2783 igitur,
347 2724 431 2770 saneta
452 2723 545 2781 anima,
558 2722 588 2769 de
614 2724 666 2769 tum
686 2722 723 2769 est
741 2735 749 2766 a
770 2723 836 2771 Soloe
855 2723 1038 2768 calceamentum
1060 2725 1145 2782 pedum

55 2795 110 2843 loco
129 2794 267 2853 superiore,
278 2792 404 2850 tamqnam
416 2791 534 2837 inferiora
549 2803 590 2837 re·
615 2793 720 2837 luorum.

56 2862 175 2923 spiciens.
193 2859 271 2905 Existi
291 2858 322 2904 dc
333 2858 442 2905 tenebris
454 2857 527 2904 istius
544 2870 590 2904 sae-
644 2859 683 2906 68.
693 2859 759 2907 Dicit
778 2858 853 2918 igitur
861 2858 909 2906 tibi
919 2871 985 2904 nnnc
996 2858 1067 2916 pater
1077 2858 1145 2904 Ami-

56 2931 121 2990 cnli,
133 2928 160 2976 et
168 2928 262 2974 utluna
270 2926 420 2985 resplendes,
428 2927 458 2973 nt
466 2926 501 2973 sol
512 2924 589 2972 refnl-
614 2927 704 2986 nadab,
713 2927 756 2972 ille
767 2927 852 2986 populi
864 2927 979 2985 princeps
988 2927 1074 2982 ιΑιιιιι,
1086 2928 1146 2984 filio,

56 3011 107 3059 ges.
119 2996 226 3044 nabere
241 2996 269 3042 ut
280 2995 354 3053 luna;
373 2994 432 3052 qnia
449 2993 476 3040 et
494 2992 551 3039 ante
563 2993 588 3039 in
613 2998 634 3041 et
644 2997 695 3043 vide
710 2999 822 3056 quomam
833 2996 970 3057 ,concupivit
987 3007 1031 3040 rex
1049 2997 1146 3053 speciem

56 3067 144 3120 umbra
160 3065 218 3112 licet
229 3063 300 3111 istius
311 3062 419 3122 corporis
431 3061 587 3121 refulgebas,
613 3065 687 3110 tuam.
699 3065 799 3124 Spectost
810 3075 866 3121 crgo
876 3063 935 3121 forti
945 3063 999 3109 rorat
1010 3075 1099 3121 pressus
1111 3063 1145 3109 lui

56 3137 83 3184 et
103 3137 225 3183 terrarum
242 3132 356 3180 tenebras
375 3131 531 3179 illuminabas
544 3143 551 3176 r
563 3132 589 3178 et
612 3133 804 3180 incolceomcotis
812 3164 821 3189 ,
836 3132 887 3189 filio
902 3129 1045 3178 Arrrioodab.
1057 3130 1146 3182 Meduli

56 3217 123 3252 nunc
142 3203 227 3251 lumen
248 3214 263 3249 a
283 3203 334 3248 sole
352 3201 456 3258 institiae
475 3200 587 3247 mutuata
612 3203 728 3261 semorum
747 3205 842 3248 tamam
853 3200 939 3247 similer
953 3198 1087 3257 torquibus,
1099 3197 1145 3246 hoe

56 3274 152 3321 clarum
159 3271 225 3319 diem
234 3270 312 3319 ducis.
320 3269 494 3328 Videreigitur
502 3269 588 3317 videor
612 3270 663 3330 est,
682 3282 816 3318 consonans
837 3269 885 3314 sibi
901 3267 927 3312 in
940 3266 1056 3313 omnibus
1072 3265 1145 3314 factis

55 3345 82 3390 te
90 3343 213 3399 tamquam
224 3339 367 3399 decerpere
378 3338 551 3396 recedentem,
562 3337 587 3385 et
611 3339 661 3404 tuis
668 3339 746 3398 gratia
754 3340 827 3397 atque
836 3335 988 3393 moderatio,
1000 3345 1145 3393 magnorum
1236 3355 1249 3368 -

10 3440 12 3446 ,
56 3410 157 3469 repulsa
166 3408 244 3456 noctis
255 3408 359 3466 caligine
371 3407 513 3465 surgentem
522 3407 587 3454 dilu-
611 3408 719 3466 aequavit
740 3416 846 3465 insignia
857 3403 1049 3462 triumphorum.
1067 3402 1146 3448 Deni-

57 3477 186 3527 culosicut
196 3478 271 3524 solem
278 3475 515 3536 appropinquantem
523 3476 585 3534 Deo,
610 3488 658 3535 que
674 3473 902 3528 moderationetua
914 3472 940 3519 et
960 3470 1140 3543 tranquillitate

57 3548 83 3597 ot
102 3548 187 3607 rapido
206 3546 289 3593 volatu
310 3544 374 3591 sicut
392 3544 513 3603 aquilam,
532 3556 586 3603 qnae
611 3544 712 3602 pacifica
730 3556 775 3591 nec
795 3543 876 3589 Gallia
892 3541 988 3587 hostem
1004 3540 1098 3598 sensit,
1116 3541 1142 3586 ct

55 3619 155 3664 terrena
170 3613 226 3662 sunt
242 3611 432 3671 relinquentem.
450 3645 454 3650 -
610 3614 680 3659 ltalia
700 3612 796 3659 hostem
806 3610 915 3669 repulit,
930 3609 972 3668 qui
986 3609 1039 3666 eins
1051 3609 1142 3655 finibus

86 3683 125 3732 66.
135 3684 270 3732 concutere
276 3714 285 3738 ,
295 3681 415 3729 solomitis
423 3713 431 3738 ,
440 3683 570 3728 convertere
576 3695 585 3740 ,·
610 3681 762 3728 imminebat.
768 3681 875 3738 torques
884 3678 967 3724 antem
975 3676 1081 3734 insignia
1090 3689 1143 3723 esse

54 3757 77 3801 et
87 3753 214 3800 videbimur
224 3752 254 3797 te.
262 3749 410 3797 Convertere
420 3749 452 3795 ad
464 3761 508 3795 nos
519 3748 586 3807 paci·
610 3744 720 3796 uictoriae
726 3747 836 3807 dubitari
846 3758 896 3793 non
904 3745 997 3804 potest,
1004 3758 1063 3792 cnm
1073 3745 1092 3790 ii
1099 3746 1142 3803 qui

54 3823 115 3880 fica3
134 3821 163 3868 ut
182 3819 284 3879 gloriam
301 3819 370 3865 tuam
391 3818 515 3866 sororibus
535 3817 586 3864 tuis
610 3817 637 3863 in
657 3818 723 3866 bello
744 3815 843 3862 fortiter
871 3812 993 3872 fecerint,
1015 3813 1142 3873 torquibus

55 3889 190 3947 monstres,
201 3889 227 3934 et
236 3885 357 3945 incipiant
366 3898 392 3932 se
404 3885 551 3945 tuaeqnietis
560 3884 585 3932 et
610 3884 771 3933 honorentur.

54 3957 140 4016 gratie
152 3954 286 4003 securitate
300 3953 384 4000 solari.
397 3953 479 4000 Semel
489 3953 584 4000 tantum
639 3953 679 4001 69.
699 3953 821 4002 Uoibiticus
842 3956 895 4000 tirus
911 3954 988 3998 crater·
1013 3947 1142 4000 tornatilis,

57 4026 90 4073 ad
100 4037 144 4073 noe
155 4022 300 4073 conuertere
308 4054 316 4080 ,
325 4023 354 4069 ιιι
371 4022 396 4070 to
407 4021 548 4080 videamus,
561 4022 585 4070 et
613 4034 659 4068 noa
669 4022 774 4080 tedricus
785 4021 869 4067 misto.
890 4020 976 4068 Venter
986 4018 1038 4062 totu
1049 4025 1143 4060 acerem
