2760 4800
472 430 719 480 salernitanis
744 435 877 483 cnissis
897 439 919 482 l.
1181 428 1227 484 23?

143 513 207 559 isera
226 508 416 561 redundabunt?
435 517 501 574 quod
519 518 600 565 tantas
617 527 677 574 opes
700 517 825 566 Nunocine
837 519 935 566 demum
946 515 1044 576 iustitie
1054 518 1230 579 pretenditur,

143 578 254 656 sufficiet
270 580 400 628 annum?
418 582 466 630 Aut
487 584 509 631 si
528 584 677 633 arbitrantur
700 584 801 642 aequitas
811 584 967 645 postulaturi
977 585 1025 632 Ubi
1042 586 1101 633 tunc
1119 587 1172 634 erat
1183 587 1230 632 ista

143 645 206 694 solos
212 645 352 696 Vestalibus
366 649 559 712 conterendum
571 664 620 699 non
631 665 677 711 pu·
700 654 835 721 sententia3
847 668 904 703 cnm
922 653 1026 715 direptis
1042 654 1230 703 christianorum

90 726 93 731 ·
143 711 200 773 det,
206 715 235 792 nt
242 714 285 774 qui
293 715 373 793 totum
380 717 428 764 sibi
435 719 480 765 sub
489 717 677 778 imperatoribus
700 722 811 770 omnium
826 723 998 784 facultatibus,
1010 722 1077 783 ipsos
1087 722 1176 770 vitulos
1186 733 1231 768 an·

143 781 279 859 gentilibus
286 783 677 847 mndrcarunt‚iidemsubprin-
699 789 792 838 belitus
808 790 965 852 inviderent,
985 791 1011 839 et
1028 789 1103 838 nullis
1125 800 1229 850 usquam

145 849 244 907 cipibus
262 851 403 900 christianis
423 866 473 902 non
493 856 584 917 putent
603 855 676 904 nobis
699 859 788 917 negata
805 857 928 907 defunctis
945 858 1089 906 inhiberent
1105 869 1227 917 supremas

144 915 338 968 sertemdebere
349 933 403 969 esse
415 923 585 972 communemt
700 927 846 974 commercia
865 925 1016 988 sepulturas?
1037 927 1101 984 Quos
1124 925 1231 986 gentiles

151 984 217 1066 tw·
233 985 404 1036 Sacerdotibus
414 1003 512 1052 quoque
523 991 612 1040 suiset
628 991 676 1038 mi·
699 993 894 1052 praecipitarunt,
900 993 977 1041 maria
983 992 1153 1041 reddiderunt.
1160 991 1231 1039 Fidei

143 1054 231 1104 uubis
241 1058 379 1116 queruntur
389 1059 508 1108 alimenta
518 1060 617 1121 publica
627 1072 676 1107 non
700 1059 747 1107 iste
756 1061 861 1109 victoria
871 1062 924 1118 est,
933 1058 999 1121 qnod
1009 1061 1035 1108 et
1045 1060 1095 1119 ipsi
1103 1060 1155 1118 iam
1163 1060 1229 1108 iacto

112 1139 116 1148 ·
144 1121 242 1172 deberi.
254 1125 431 1184 Quantusbinc
442 1129 575 1176 verborum
584 1129 676 1176 tumul·
699 1128 819 1186 majorum
838 1129 1065 1189 carpunt,qnorum
1082 1127 1151 1187 gesta
1169 1139 1230 1175 eon·

143 1191 187 1240 tus
202 1193 341 1254 iucrepuiti
353 1195 384 1243 at
399 1198 498 1256 contra,
513 1198 585 1246 nobis
600 1198 675 1245 etiam
699 1194 824 1243 demnant.
836 1196 884 1243 Sed
894 1209 948 1256 quae
957 1193 1065 1257 (malum
1074 1195 1097 1255 i)
1109 1194 1186 1253 ratio,
1197 1193 1227 1242 ut
1248 1206 1252 1244 i

143 1259 249 1321 privatae
266 1264 427 1313 successionis
449 1266 616 1314 emolumenta
634 1278 676 1312 re·
699 1275 784 1312 eorum
795 1277 898 1314 munera
916 1264 1017 1326 petant,
1036 1276 1141 1325 quorum
1157 1263 1226 1324 gesta

143 1329 261 1378 centibus
276 1330 371 1391 legibus
387 1333 552 1394 denegantur,
562 1334 588 1382 et
602 1345 675 1381 nemo
699 1332 880 1381 condemnauit

144 1398 321 1459 conqueritur3
333 1412 382 1448 non
397 1401 464 1448 enim
481 1403 595 1462 putamus
610 1402 675 1459 inju·
729 1402 767 1448 ii.
778 1403 853 1450 Nemo
862 1403 947 1451 tomen
957 1401 1058 1451 donaria
1068 1399 1192 1459 delubris,
1202 1399 1230 1449 et

144 1463 223 1527 riam,
233 1467 292 1527 quia
299 1468 456 1529 dispendium
463 1482 513 1518 non
520 1470 640 1518 dolemus.
649 1470 674 1518 Si
698 1467 777 1526 legata
785 1468 956 1530 haruspicibus
966 1468 1099 1528 denegarit
1108 1480 1115 1513 a
1124 1468 1175 1516 sota
1186 1480 1229 1515 su-

143 1532 304 1595 privilegium
320 1537 413 1596 quaerat
425 1539 551 1599 sacerdos,
569 1540 598 1585 ut
612 1550 674 1587 onus
698 1535 764 1584 blata
781 1539 839 1585 sunt
849 1537 956 1598 praedia3
973 1531 1032 1597 quia
1048 1548 1098 1584 uon
1113 1535 1230 1595 religiose

143 1601 239 1650 curiale
251 1603 372 1663 declinet,
388 1606 468 1665 patria
480 1607 554 1666 atque
566 1607 633 1655 avita
649 1608 674 1655 et
697 1605 830 1653 utebantur
846 1605 890 1664 iis,
905 1619 960 1666 que
971 1604 1099 1664 religionis
1116 1603 1172 1662 iure
1184 1603 1229 1651 de·
1284 1658 1288 1666 ι

143 1669 257 1717 omnium
264 1671 408 1720 facultatum
420 1674 574 1734 possessione
583 1674 675 1722 ceden-
698 1671 835 1722 tenderent.
843 1675 892 1732 Qui
899 1675 981 1722 nostro
990 1673 1096 1722 utuntur
1103 1672 1228 1734 exemplo,

143 1735 205 1784 dum
213 1738 260 1787 est.
269 1740 393 1798 Quomodo
402 1742 465 1789 banc
481 1743 587 1802 gentiles
600 1744 621 1792 si
629 1745 674 1791 ba·
698 1754 742 1788 cur
752 1755 801 1790 non
811 1744 944 1794 utebantur
954 1742 1053 1791 officio?
1062 1742 1130 1790 Nihil
1141 1742 1229 1790 Eccle·
1250 1734 1253 1757 ²

143 1803 245 1868 lsereut,
253 1808 410 1869 ingravarent
418 1812 675 1871 querelamquodsa-
698 1809 734 1855 sia
744 1811 807 1869 sibi,
825 1812 874 1858 nisi
893 1811 967 1858 iidem
983 1810 1100 1869 possidet.
1112 1811 1161 1856 ilos
1172 1809 1229 1856 red·

141 1873 315 1925 'cerdosterias
325 1876 458 1926 ministerii
474 1879 513 1927 sui
525 1880 590 1927 emat
600 1881 674 1930 totius
698 1874 1172 1936 diiuspraebet,bosiructus.Possessro
1182 1878 1228 1922 Eo-

145 1943 289 2002 patrimonii
307 1946 345 1994 sui
364 1947 466 2005 darum,
478 1947 504 1994 et
514 1947 606 2006 privati
620 1949 675 1996 uui-
698 1944 779 1992 clesiae
789 1947 884 1993 sumtus
893 1945 931 1993 est
941 1956 1082 2004 egenorum.
1092 1944 1228 1990 Numerent

144 2022 225 2060 versa
248 2014 427 2062 commoditatis
449 2014 578 2074 dispendio
602 2029 675 2064 usum
698 2024 758 2070 quos
771 2012 922 2059 redemerint
935 2011 1027 2071 templa
1038 2008 1162 2069 captivos,
1172 2023 1228 2070 quae

145 2074 242 2140 publici
250 2084 373 2131 mercetur
384 2082 675 2144 obsequiitpraetendens
699 2080 846 2127 contulerint
852 2079 967 2127 alimenta
973 2078 1131 2139 pauperibus,
1138 2078 1228 2136 quibus

146 2150 284 2198 communis
295 2152 380 2199 salutis
397 2152 675 2210 excubias,domesticae
699 2148 827 2195 exsulibus
847 2147 948 2196 vivendi
969 2147 1078 2194 subsidia
1101 2146 1227 2193 ministre·

145 2214 236 2276 inopiae
245 2230 271 2264 se
278 2219 391 2266 mercede
403 2220 575 2280 soletur3quia
588 2221 675 2268 minis·
698 2213 788 2261 verint·
806 2214 899 2262 Praedlt
915 2213 990 2274 ibitur
1007 2212 1159 2274 intercepta,
1177 2224 1228 2261 ¹²⁰ss

145 2282 238 2331 terium
249 2297 298 2333 non
306 2285 431 2346 vendidit,
440 2286 483 2335 sed
493 2280 597 2347 gratiam
607 2301 674 2337 eom-
696 2283 754 2342 iura
765 2286 830 2333 sunt.

145 2354 251 2414 paravit.
728 2350 1227 2415 l8.Enquodiactum,quaetristepiaret

179 2422 217 2468 iii.
236 2424 348 2474 conteris
371 2439 465 2476 canam.
484 2428 532 2476 Vos
555 2439 674 2478 excusare
698 2421 779 2481 nefas,
791 2421 881 2482 fimes,
892 2423 920 2470 ut
931 2422 1017 2480 ‘fiunti
1031 2422 1131 2483 publica
1144 2419 1227 2468 lindi·

147 2492 466 2555 mltisoecurionem,cum
475 2498 675 2546 Ecclesiaeexcu-
699 2491 776 2550 cavit;
789 2491 847 2550 quia
858 2492 913 2539 11⁵1ss
924 2491 1036 2537 omnium
1046 2489 1164 2549 Ρῐῡῐίῦθῑθ
1176 2500 1226 2536 coe·
1312 2489 1318 2505 ‘

146 2570 201 2607 sare
212 2572 261 2607 non
271 2561 344 2609 liceat
355 2564 515 2611 sacerdotem.
527 2566 675 2614 Scribuntur
698 2559 749 2618 pit,
760 2560 824 2620 quod
840 2559 982 2618 proficiebat
997 2558 1130 2606 commodis
1147 2569 1227 2604 sacer·

145 2627 292 2676 testamenta
300 2630 448 2689 templorum
456 2630 674 2688 ministris,nuilus
699 2627 791 2674 dotum.
808 2628 940 2686 Propterea
965 2639 1023 2687 ergo
1049 2625 1179 2684 detractis,
1198 2625 1227 2674 ut

147 2696 273 2756 excipitur
295 2697 449 2755 prophanus,
473 2697 557 2744 nullus
580 2698 673 2745 ultimae
699 2694 781 2752 aiunt,
794 2694 892 2740 arbusta
904 2693 980 2740 exuta
997 2692 1142 2750 corticibus,
1154 2704 1227 2741 succo

144 2762 306 2820 conditionis,
322 2763 406 2808 nullus
419 2762 534 2822 prodigus
552 2775 675 2809 verecun-
699 2760 833 2808 miserabili
844 2759 1011 2806 deficientium
1023 2772 1065 2806 ora
1075 2759 1225 2806 lambebant.

144 2831 195 2879 diae
206 2830 267 2877 :soli
278 2842 310 2876 ex
321 2830 433 2876 omnibus
444 2831 534 2877 clerieo
546 2842 674 2878 commune
698 2827 829 2886 Propterea
845 2825 951 2873 Chaonia
962 2825 1057 2886 frugem
1072 2824 1160 2884 glande
1171 2838 1227 2872 mu-

142 2899 187 2958 jus
203 2897 337 2956 clauditur,
348 2908 420 2956 aquo
438 2897 489 2945 solo
500 2909 543 2957 pro
559 2899 675 2946 omnibus
698 2895 795 2953 tentes,
806 2906 889 2940 rursus
906 2893 932 2940 in
950 2893 1074 2953 pecudum
1092 2893 1189 2952 pastus,
1201 2893 1227 2940 et
1250 2900 1254 2905 '

144 2968 233 3014 notum
251 2977 379 3013 commune
401 2965 547 3025 suscipitur,
567 2966 675 3013 osticium
699 2964 729 3011 ad
746 2962 853 3027 infelicis
870 2962 950 3009 victus
966 2961 1083 3008 alimenta
1103 2961 1226 3023 revocati,

145 3045 276 3085 commune
283 3031 479 3080 deferturrnulla
487 3034 567 3093 legata
574 3034 612 3080 rel
622 3046 672 3092 gra·
699 3043 812 3089 concussa
821 3042 927 3091 quercu,
939 3029 1028 3077 tamem
1037 3029 1063 3076 in
1073 3029 1142 3076 silvis
1152 3030 1228 3078 inise-

146 3105 216 3152 vium
232 3103 376 3160 viduarum,
387 3102 456 3148 nulla
473 3101 579 3150 donatio.
591 3103 620 3148 lt
631 3103 675 3150 ubi
698 3113 751 3148 ram
759 3100 907 3148 solabantur.
917 3099 982 3146 Nova
990 3098 1226 3158 videlicetprodigia

146 3173 173 3220 in
184 3172 293 3218 moribus
311 3171 384 3229 culpa
399 3182 448 3217 non
466 3170 673 3230 deprehenditur;
698 3170 832 3227 terrarum,
847 3181 902 3227 quaa
913 3179 1047 3226 numquam
1059 3165 1117 3213 ante
1129 3166 1227 3214 accide-

145 3242 229 3289 tamen
237 3239 316 3287 officio
323 3240 414 3287 mulcta
422 3239 595 3299 prescribitur.
605 3240 675 3296 Quod
698 3236 766 3294 rant;
779 3248 835 3283 oum
845 3235 986 3296 superstitio
996 3235 1094 3294 gentilis
1105 3235 1155 3282 toto
1166 3235 1226 3284 orbs

145 3309 313 3358 sacerdotibus
330 3307 381 3355 tani
400 3307 522 3367 legaverit
540 3308 673 3356 christiana
698 3305 821 3352 terreret!
833 3305 869 3352 lie
886 3303 1120 3364 veraquandoante
1139 3302 1226 3354 vacuis

146 3377 234 3435 sidua,
243 3376 328 3424 salet:
344 3375 408 3435 quod
418 3374 537 3422 ministris
552 3375 613 3433 Dei,
624 3387 673 3423 non
697 3374 782 3421 avenis
799 3386 869 3433 sepes
879 3372 946 3420 arari
956 3373 1013 3420 vota
1028 3372 1087 3419 lusit
1098 3372 1225 3432 agricolas,

146 3445 222 3492 valet.
234 3443 303 3501 Quod
314 3443 358 3502 e'go
374 3455 424 3489 non
435 3443 464 3489 ut
474 3453 579 3501 querar,
591 3442 634 3489 sed
645 3443 673 3490 ut
698 3443 724 3489 et
740 3454 809 3501 spem
819 3441 915 3488 rustice
934 3441 1014 3500 plebis
1028 3439 1130 3500 quaesita
1148 3440 1226 3490 sulcis

146 3511 224 3560 sciant
234 3511 296 3572 quid
310 3523 360 3558 non
370 3523 471 3570 querar,
482 3511 672 3572 comprehendi3
696 3508 774 3566 frugis
784 3509 861 3554 herba
872 3505 1004 3556 destituiti

145 3582 211 3630 malo
221 3581 289 3627 enim
303 3591 348 3628 nos
365 3579 470 3639 pecunia
485 3578 594 3626 minores
601 3591 673 3640 esse,
728 3576 801 3624 seut
809 3576 874 3623 unde
882 3577 972 3623 Graecis
979 3576 1076 3623 oracula
1084 3574 1167 3624 habita
1174 3587 1225 3624 suso

145 3663 220 3711 quam
237 3648 324 3708 gratia.
697 3656 815 3704 quereus,
825 3643 873 3690 nisi
884 3644 941 3702 quia
953 3643 1090 3710 remedium
1102 3642 1224 3692 silvestris

176 3719 215 3766 ld.
226 3716 275 3764 Sed
289 3716 415 3776 referunt,
426 3728 456 3764 ea
466 3727 520 3776 quae
531 3714 573 3762 sel
584 3714 673 3762 donata
697 3712 819 3759 alimoniae
827 3711 933 3759 coelestis
943 3711 1070 3770 religionis
1077 3711 1167 3760 donum
1178 3723 1225 3771 pu·

144 3786 187 3835 sel
202 3784 288 3831 relicta
303 3784 360 3832 sunt
370 3784 497 3844 Ecclesia,
507 3795 556 3830 non
571 3795 624 3831 esse
635 3784 674 3830 te-
697 3778 1054 3829 tarunttl'aliaenimsuorum
1063 3792 1163 3828 munera
1171 3790 1224 3825 ore·

144 3852 343 3903 oneratalticant
351 3852 376 3899 et
385 3853 431 3911 ipsi
439 3853 494 3912 quis
502 3852 601 3911 templis
610 3852 673 3900 dona
697 3849 758 3898 dunt
775 3849 886 3898 deorum.
901 3847 960 3906 Quis
977 3848 1103 3895 Dodoueas
1127 3846 1224 3892 arbores

144 3919 671 3978 detraxerit‚quodiaetumestebristianis.
697 3918 744 3965 nisi
768 3919 878 3978 gentium
901 3917 1005 3976 populus
1023 3912 1147 3963 adoravit:
1166 3921 1223 3955 oum

143 3992 204 4048 Quae
219 3989 240 4036 si
250 3987 313 4035 facta
329 3985 410 4034 esseut
426 3986 573 4047 gentilibus,
584 3988 673 4035 redde·
697 3985 814 4046 pabulum
829 3983 901 4031 triste
919 3982 969 4043 agri
986 3989 1112 4027 nemorum
1130 3975 1224 4023 honoro

142 4060 214 4107 retur
230 4056 313 4167 petius
329 4065 401 4116 qoam
421 4052 554 4101 inferretur
570 4055 673 4113 injuria.
698 4051 878 4101 donaretilion
896 4052 934 4100 ost
950 4040 1166 4161 rer·isimile⁷quorl
1184 4039 1224 4092 lu·
