2760 4800
149 381 176 428 ro
201 431 205 438 ,
397 351 410 359 ”
524 380 647 427 srucrr
661 380 823 426 lusnosu

142 462 676 528 utroque,bocesi,vcldiriuitstevelcor·
698 461 740 511 tus
754 461 878 511 tremebat
897 459 1072 510 hismundus.
1092 461 1234 511 necuter

143 548 203 597 pore
212 549 219 580 ε
227 546 277 581 nou
286 533 354 581 enim
362 533 425 580 alter
435 543 469 579 ex
477 533 564 591 Patre,
575 531 637 579 alter
642 544 675 578 ex
699 531 837 592 supplicia,
854 529 998 591 excipiebat
1012 530 1130 590 vulnera,
1141 531 1168 579 et
1179 544 1234 590 reg·

37 640 40 650 l
143 603 316 664 virgine3sed
329 601 397 650 idem
408 601 481 650 aliter
491 612 524 649 ex
533 600 676 659 Patre‚ali·
698 613 759 647 num
774 601 875 648 coeleste
894 599 1010 647 donabat.
1029 598 1162 647 Peccatum
1181 611 1235 646 om·

143 676 184 722 ter
194 686 228 720 ex
238 672 348 732 Virgine.
699 670 769 717 nium
787 669 879 728 tactus,
894 669 995 729 peccata
1005 667 1104 729 generis
1114 655 1234 715 abluebat

174 741 214 789 56.
232 740 363 788 Generatlo
376 738 529 801 generationi
547 751 597 786 non
611 751 676 798 pras-
699 740 812 786 bumani.
829 740 954 787 Postremo
967 740 1078 786 mortuus
1090 737 1144 798 est,
1155 737 1183 784 et
1192 749 1234 786 se·

142 812 251 872 judicat,
267 824 314 860 nec
332 823 388 859 caro
402 810 542 870 divinitati;
553 810 612 869 qula
629 822 676 856 nec
700 808 782 855 cundo
798 808 824 855 et
840 808 915 855 tertio
930 807 1056 855 exsultans
1070 808 1145 865 atque
1156 816 1233 853 ovans

143 880 233 940 pignus
240 880 320 939 Patri,
331 878 675 939 necvoruntaspassionr‚nsc
699 875 768 936 dico,
783 877 894 924 mortuus
912 876 962 935 est;
975 877 1006 924 ut
1019 875 1087 924 lllius
1095 886 1163 924 mors
1180 874 1233 925 uo

144 948 226 1008 passio
234 947 512 997 voluntati.ldemenim
520 945 674 1007 patiebatur,
698 944 936 993 fleretmortuorum.

145 1017 230 1063 elnon
239 1016 380 1076 patiebatur
391 1029 398 1060 r
410 1014 577 1072 moriebatur,
588 1016 614 1062 et
626 1025 675 1061 non
728 1011 768 1062 to.
788 1013 835 1060 Sed
850 1026 896 1062 uec
911 1014 1053 1073 sepulcrum
1064 1012 1167 1074 quidem
1178 1011 1232 1072 eius

142 1085 295 1134 moriebatur
303 1099 310 1132 ε
319 1085 501 1145 sepeliebatur,
512 1087 539 1133 et
546 1096 595 1131 non
603 1096 676 1144 sepe·
698 1082 817 1130 miraculo
833 1082 909 1129 caret.
924 1083 984 1130 Nam
997 1096 1053 1130 cum
1064 1083 1130 1131 esset
1140 1083 1233 1130 unctus

142 1153 266 1203 liebaturr
277 1149 433 1212 resurgebat,
451 1153 476 1200 et
494 1164 544 1200 non
561 1165 675 1210 resurge-
698 1151 864 1211 alosepb,·et
875 1151 901 1199 in
912 1151 967 1209 eius
976 1152 1139 1206 monumento
1147 1151 1233 1210 sepul·

142 1222 199 1282 bat;
210 1222 269 1282 quia
281 1234 368 1282 corpus
383 1222 510 1282 proprium
522 1220 655 1269 suscitabat
666 1234 673 1267 ε
697 1219 750 1279 tus,
761 1232 826 1267 novo
834 1231 909 1280 opere
918 1220 1024 1279 quodam
1034 1221 1087 1280 lpse
1098 1218 1233 1268 defunctus

141 1291 202 1351 quia
216 1291 283 1353 quod
294 1291 402 1351 cecidit,
417 1290 463 1338 boo
474 1291 580 1348 resurgit
590 1303 597 1335 ι
607 1289 675 1348 quod
697 1287 870 1343 defunctorum
875 1284 989 1349 sepulcra
995 1289 1135 1336 reserabat:
1143 1290 1171 1337 et
1179 1301 1232 1338 cor·

141 1371 194 1408 non
210 1360 314 1417 cecidit,
325 1371 374 1405 non
389 1357 506 1416 resurgit.
523 1357 674 1416 Resurgebat
697 1356 850 1415 pusquidem
858 1358 913 1415 ejus
916 1357 1014 1415 jacebat
1024 1358 1167 1416 intumul03
1176 1357 1230 1418 ipso

141 1427 219 1486 igilur
232 1426 368 1474 secundum
381 1437 496 1483 carnem,
507 1437 562 1483 quae
577 1426 674 1471 mortua
697 1424 966 1474 autemintermortuos
974 1425 1046 1486 liber,
1057 1426 1230 1474 remissionem

142 1493 298 1542 resurrexit:
313 1505 363 1539 non
378 1492 521 1550 resurgebat
537 1491 673 1538 secundum
697 1492 724 1539 in
742 1492 840 1541 interno
855 1494 955 1554 positis,
971 1494 1050 1542 soluta
1061 1495 1148 1544 mortis
1160 1495 1230 1555 lege,

142 1561 266 1622 Verbum,
276 1561 342 1621 quod
353 1571 403 1606 non
413 1560 547 1607 resolutum
558 1558 638 1605 luerat
646 1559 673 1606 in
696 1561 811 1611 donabat.
826 1565 885 1611 Erat
900 1576 957 1624 crgo
968 1576 1024 1611 caro
1034 1564 1088 1622 ejus
1104 1564 1132 1613 in
1141 1577 1230 1614 monu-

143 1631 251 1689 terram,
266 1628 311 1678 sed
328 1628 394 1690 apud
408 1628 488 1676 boum
505 1639 603 1688 semper
620 1640 673 1676 ma·
695 1632 796 1692 mento,
817 1632 862 1680 sed
877 1632 957 1681 virtus
978 1632 1032 1691 eius
1050 1634 1201 1692 operabatur
1215 1646 1232 1682 e

143 1699 229 1748 nebat.
346 1744 350 1750 .
696 1698 767 1745 coelo.
778 1699 958 1748 ostendebatur
969 1700 1133 1761 omuibusper
1143 1713 1232 1761 corpo-

172 1771 214 1818 5⁷.
232 1773 294 1832 Ergo
314 1770 340 1818 et
363 1768 514 1818 moriebatur
537 1767 672 1820 secundum
695 1767 731 1814 ris
747 1767 893 1830 veritatem
904 1769 1022 1829 quianon
1033 1771 1153 1818 caruerat
1166 1771 1230 1818 Ver·

143 1840 233 1888 nostroe
251 1840 432 1900 susceptionem
452 1841 559 1900 naturae,
578 1841 604 1887 et
621 1850 671 1886 non
696 1835 770 1898 bum,
781 1837 826 1886 sed
837 1850 892 1886 caro
902 1838 1047 1887 eratverbi.
1057 1840 1117 1887 Caro
1127 1839 1229 1898 quidem

142 1909 294 1957 moriebatur
306 1910 442 1957 secundum
452 1909 550 1957 aeteruae
560 1908 672 1956 substan-
696 1906 802 1965 gustavit
818 1905 938 1966 mortem,
949 1907 993 1954 sed
1008 1906 1168 1967 impassibilis
1183 1909 1228 1956 Del

142 1975 267 2026 tiamvitae
276 1991 283 2023 :
293 1977 465 2037 etpatiebatur
475 1977 609 2024 secundum
618 1988 672 2024 cor·
695 1975 775 2025 virtus
790 1989 798 2023 a
813 1976 839 2024 et
856 1976 878 2024 si
888 1976 958 2024 exuit
969 1988 1071 2038 corpus,
1080 1977 1181 2026 nullum
1190 1978 1229 2028 ta·

142 2045 557 2106 porissusceptiouem3utsuscepti
565 2046 672 2104 corporis
695 2057 753 2091 men
762 2043 793 2092 de
805 2055 907 2104 corpore
917 2047 968 2093 Deo
976 2045 1103 2093 damnum.

142 2116 235 2163 veritas
250 2115 412 2163 crederetur=
429 2116 455 2162 et
466 2127 515 2163 non
530 2114 672 2174 patiebatur
723 2112 765 2160 tl.
779 2115 828 2161 Cur
837 2113 963 2164 divinitati
974 2115 1096 2162 adtribuis
1106 2126 1228 2164 erumnas

142 2183 277 2230 seeundum
284 2182 360 2230 Verbi
371 2182 546 2242 impassibilem
556 2181 672 2229 divinita·
695 2182 816 2240 corporis,
826 2181 981 2229 etinlirmum
992 2182 1081 2232 doloris
1090 2183 1193 2232 humani
1202 2187 1228 2234 el

142 2253 208 2310 tem,
219 2245 363 2311 quodtoti'us
373 2263 457 2299 exsors
467 2251 557 2298 doloris
565 2251 611 2299 est.
621 2252 672 2299 De·
695 2251 786 2298 divinae
797 2251 923 2300 connectis
933 2251 1121 2301 naturaetlluur
1131 2255 1227 2311 mmo,

79 2374 84 2383 ι
142 2322 219 2381 nique
231 2320 296 2367 idern
307 2319 404 2367 dicebat
415 2332 422 2365 τ
432 2323 507 2377 Deus,
519 2322 581 2367 Deru
591 2333 656 2368 ineos
661 2353 670 2378 ,
695 2319 794 2380 inquit,
805 2334 858 2368 mco
868 2321 964 2368 turbela
976 2323 1017 2369 cel.
1029 2321 1117 2369 Anium
1128 2321 1227 2371 turbata

142 2391 228 2449 respice
243 2390 270 2437 ia
286 2403 323 2437 ms
340 2403 350 2438 r
371 2402 443 2449 quare
460 2400 498 2436 mc
514 2389 671 2448 dercbqolsli?
694 2390 745 2447 est,
763 2399 814 2435 non
829 2389 964 2448 saplentia3
981 2388 1145 2437 immutabilis
1159 2389 1226 2438 enirn

142 2457 201 2517 quia
209 2457 342 2506 secundum
352 2469 451 2505 carnem
458 2456 560 2504 relictus
571 2457 617 2516 est,
627 2458 670 2518 qui
693 2456 809 2505 manebat
826 2457 961 2517 sapientia,
973 2456 1020 2504 etsi
1030 2457 1228 2508 circumdaretur

142 2526 278 2573 secundum
293 2527 451 2575 divimtmem
467 2536 514 2572 nee
529 2522 610 2572 deseri
627 2538 670 2586 po·
693 2525 786 2573 amictu
797 2525 885 2583 carnis.
903 2525 963 2571 llam
975 2525 1001 2572 in
1012 2525 1056 2572 illa
1065 2526 1132 2574 servi
1148 2526 1226 2576 torma

142 2593 204 2653 tuit,
215 2607 262 2642 nec
272 2596 389 2656 relinqui.
693 2594 746 2642 erat
756 2594 811 2642 veri
822 2593 923 2641 luminis
934 2593 1062 2652 plenitudo
1074 2606 1082 2640 a
1094 2594 1120 2643 et
1131 2608 1190 2643 curu
1199 2609 1226 2646 se

172 2663 290 2710 58.1‹lem
302 2664 377 2711 etiam
391 2662 453 2713 dicit
464 2677 471 2710 a
482 2666 560 2725 Longe
571 2664 670 2712 ocolus
693 2663 846 2720 exinanivit,
857 2663 942 2713 lumen
957 2663 1019 2710 erat.
1031 2662 1147 2723 Denique
1159 2665 1226 2712 dice·

141 2743 194 2778 mco
203 2733 275 2779 uerbo
287 2734 422 2781 delictorum
431 2747 550 2790 meorum,
561 2733 608 2779 boc
618 2734 669 2792 est,
692 2732 735 2780 bat
750 2745 757 2778 ε
774 2732 899 2780 Ambulotc
910 2723 972 2779 'dum
986 2733 1064 2780 tamea
1079 2733 1180 2783 bobum.
1196 2735 1226 2783 El

141 2810 191 2845 non
202 2800 328 2861 capiatur,
340 2802 383 2861 qui
394 2801 463 2848 audit
475 2815 483 2848 s
495 2805 573 2861 Quare
582 2815 620 2848 mc
631 2804 669 2849 dc·
692 2802 788 2862 quando
809 2800 836 2847 in
854 2800 1009 2861 mosterolo,
1028 2800 1055 2848 in
1069 2800 1158 2848 umbra
1175 2813 1225 2851 nou

140 2868 268 2928 reliquisti?
277 2870 321 2917 sed
331 2870 452 2929 intelligat
459 2869 526 2930 quod
535 2870 668 2917 secundum
692 2871 754 2917 erat.
766 2869 877 2929 Denique
889 2869 965 2916 etiam
983 2870 1010 2917 in
1027 2869 1125 2918 inferno
1136 2870 1231 2930 positis

141 2949 239 2985 caruem
253 2939 298 2987 ista
308 2940 435 2998 dicautur,
445 2952 500 3000 que
511 2940 582 3000 louge
593 2941 668 2999 aple·
691 2939 750 2985 vitae
760 2938 846 2984 luruen
856 2937 974 2985 fundebat
984 2939 1091 2987 aeternae.
1102 2939 1225 2987 Radiabat

139 3006 253 3055 altudinc
264 3008 402 3057 divinitatis
413 3010 494 3057 aliena
503 3011 569 3057 sunt.
580 3010 667 3057 Aliena
691 3007 766 3053 etiam
775 3006 828 3052 illic
843 3006 888 3053 lux
899 3018 958 3054 vera
974 3006 1117 3066 sapientiae,
1128 3006 1225 3056 illumi·

139 3077 429 3124 suntenimancorerba
439 3077 599 3136 delictorum3
611 3078 667 3137 quia
690 3074 765 3120 nabat
776 3072 915 3133 infernum,
932 3073 976 3121 sed
987 3073 1145 3122 infernbnon
1156 3075 1226 3122 eluu-

139 3143 221 3190 alienn
241 3145 297 3190 sunt
316 3145 342 3190 et
361 3145 450 3191 delicta
464 3146 595 3191 uerborum
606 3157 613 3190 r
624 3146 667 3192 sed
691 3141 1027 3199 debatur-Qulsenimlocus
1038 3141 1226 3202 estsapientioel

138 3212 254 3269 quoniam
272 3211 363 3258 delicta
377 3211 458 3259 aliena
469 3212 580 3272 suscepi,
592 3213 666 3260 ellam
690 3209 801 3269 Denique
818 3209 879 3258 dicit
894 3209 975 3268 justus
986 3223 993 3256 τ
1006 3212 1128 3270 Sapientia
1143 3213 1230 3261 aulem,

139 3277 285 3326 delictorum
295 3278 431 3325 alienorum
440 3279 629 3340 verbosuscepi3
639 3283 667 3330 ut
689 3278 750 3324 uude
766 3280 859 3326 invento
874 3278 925 3327 eall
942 3281 998 3340 Quis
1013 3282 1092 3327 uatem
1111 3280 1176 3330 loros
1189 3283 1230 3330 cst

139 3345 284 3393 derelictum
294 3359 334 3393 rue
345 3348 436 3395 aPatre
446 3348 497 3395 Deo
508 3360 561 3396 esse
571 3349 665 3410 dicam,
689 3347 814 3405 discipline
823 3347 833 3394 l
842 3349 919 3396 Nescit
935 3348 1005 3396 bomo
1020 3349 1087 3397 mom
1102 3349 1167 3409 quo,
1180 3361 1224 3399 nse

120 3411 181 3472 qui
192 3413 257 3473 apud
267 3413 347 3460 Deum
357 3426 454 3473 semper
467 3427 530 3463 sum.
638 3453 640 3458 .
689 3417 783 3463 tarento
792 3418 896 3464 estiatcr
906 3417 1019 3466 homiues.

169 3480 208 3528 39.
219 3482 275 3529 Erat
285 3481 362 3542 igitur
372 3482 515 3530 immortalis
531 3483 558 3531 in
573 3484 665 3545 morte,
717 3484 756 3532 [ab.
769 3487 829 3546 Ergo
839 3498 886 3534 uec
897 3487 924 3533 in
935 3486 1062 3546 tempore,
1073 3497 1120 3534 nec
1130 3486 1232 3536 inloto-

140 3547 297 3608 impassibilis
312 3551 338 3598 in
353 3551 474 3610 passione.
490 3553 585 3600 Etenim
596 3555 666 3613 quasi
689 3553 816 3614 Sapientia
824 3556 874 3614 est3
886 3555 951 3603 uude
962 3557 989 3603 et
997 3557 1096 3615 tempus
1106 3567 1162 3604 esse
1172 3556 1226 3617 sig-

138 3617 217 3664 Deum
238 3632 288 3666 non
307 3620 374 3680 oepit
392 3621 477 3668 mortis
496 3634 619 3682 aerumna,
640 3625 665 3672 et
688 3614 972 3684 nificatscdquomodo‘
987 3625 1155 3684 intempore,
1167 3636 1223 3686 quae

138 3686 253 3732 eumdem
263 3689 332 3747 quasi
347 3689 470 3737 bominem
488 3689 586 3738 interna
595 3692 665 3740 vide·
688 3692 914 3752 inprincipioerati
924 3694 1044 3753 quomodo
1053 3693 1158 3753 inluso,
1167 3706 1222 3754 quas

137 3756 203 3801 runt.
223 3757 336 3816 Denique
354 3761 429 3806 emisit
445 3761 569 3818 spiritum,
585 3760 611 3806 et
625 3762 665 3809 ta·
688 3764 752 3822 apud
767 3765 846 3810 Deum
866 3763 1092 3823 erattUnigenitus
1107 3763 1187 3811 Pilius
1199 3763 1222 3811 si

138 3835 196 3870 luen
205 3823 275 3884 quasi
286 3825 378 3872 arbiter
386 3828 493 3874 exuendi
503 3828 665 3886 suscipiendi·
687 3832 818 3892 quaeritur,
827 3833 854 3878 in
864 3832 921 3880 sinu
926 3832 1004 3880 Patris
1015 3833 1160 3892 evangelico
1168 3833 1221 3893 spi·

137 3904 185 3952 que
194 3893 591 3955 eorporis,emisitspiritum,nou
602 3898 664 3945 arui·
686 3899 738 3946 rltn
753 3899 886 3958 reperitur.
901 3899 1026 3961 Numquid
1041 3899 1125 3947 sinum
1141 3899 1222 3947 Patris

136 3961 178 4008 sit.
189 3962 313 4010 Pendebat
326 3963 353 4009 in
364 3977 450 4023 cruce,
469 3966 495 4011 et
505 3966 587 4013 omnia
598 3979 665 4015 conr·
687 3968 768 4015 losum
788 3967 894 4029 putatis?
915 3971 944 4018 Et
964 3968 1074 4029 quaeritis
1094 3967 1219 4028 quomodo

136 4031 258 4084 movebat·
269 4031 399 4081 'fremebat
410 4033 435 4080 in
451 4032 530 4096 ligno,
542 4047 616 4096 quem
627 4038 663 4085 to·
687 4037 744 4085 nata
761 4036 807 4096 sit,
825 4049 882 4085 cum
899 4036 966 4088 dicat
983 4036 1145 4099 propheticus
1162 4037 1217 4089 virs
