2760 4800
221 421 251 471 78
614 423 737 470 saucit
757 424 927 470 amenesii

220 506 279 556 cali.
291 505 365 554 iliud
375 503 412 554 est
428 501 493 552 enlm
504 502 570 566 quod
580 505 713 565 adsumsit,
725 505 750 553 et
773 507 864 565 putent
874 504 976 566 quidam
986 503 1113 556 anonim
1121 505 1181 555 lesu
1190 517 1305 559 noneste

219 575 289 624 aliud
300 573 366 635 quod
379 573 518 622 adsumtum
529 574 576 622 est.
587 574 671 622 Virtus
680 573 749 623 veuit
774 575 928 634 susceptam
940 585 972 622 en
982 573 1040 633 quia
1050 574 1131 623 metus
1141 574 1225 624 estne
1234 588 1305 627 sensti

220 644 247 692 in
261 643 399 703 Virginem,
410 642 475 691 sicut
486 644 512 691 et
528 644 633 703 Angelus
647 643 679 691 ad
694 655 749 691 earn
774 641 882 688 cbristus
912 641 1038 689 laberetur
1064 641 1198 690 bumanot
1216 642 1305 692 Dicunt

218 713 284 762 dixit
292 712 350 773 quia
359 714 435 761 cirtio
442 712 556 761 Altisaimr'
564 712 710 760 obambrmr't
718 715 747 760 te.
773 710 866 769 quippe
876 709 934 770 quia
948 708 1147 769 concupiscentia
1160 709 1245 758 carnis
1259 709 1305 768 legi

215 780 368 829 Sednatum
386 780 424 829 est
441 793 529 842 eorpus
546 793 579 829 ex
596 781 711 842 Virgine3
722 780 749 829 et
774 779 864 827 mentis
875 778 1007 839 repugnet.
1019 778 1067 826 Sed
1076 778 1120 839 qui
1131 778 1178 827 boc
1188 778 1241 840 eit,
1252 781 1306 828 ten·

219 848 276 897 ideo
293 849 401 898 coelestie
419 849 520 908 quidem
544 849 687 908 descensio,
705 848 749 896 sed
773 847 826 894 tum
840 848 911 896 abest
925 850 954 896 ut
968 847 1091 896 Christum
1107 847 1236 908 putaverit
1253 847 1305 906 leae

197 911 200 916 ’
219 916 327 966 bumana
336 917 464 978 conceptio
474 917 520 966 est.
531 916 588 965 Nou'
595 931 652 979 ergo
660 917 747 966 eedem
772 915 853 964 carnis
867 916 892 963 irr
908 914 1005 976 peccati
1024 915 1123 964 vincula
1134 913 1211 964 luisse
1230 913 1306 963 dedu·

218 986 299 1036 suun
318 986 400 1049 potuIt
417 985 748 1048 rememorationem·
773 983 1199 1045 cendum3utipseinaeetupositus
1211 982 1306 1044 tragili-

218 1057 283 1104 tura.
773 1046 830 1100 tatis
847 1054 975 1112 bumanae,
985 1066 1030 1115 per
1045 1051 1169 1101 Christum
1181 1051 1232 1100 sibi
1249 1051 1307 1101 sub-

440 1117 519 1137 ’”““
773 1119 853 1168 renlri
869 1133 940 1180 posse
951 1120 1086 1168 crediderit
1096 1119 1184 1167 dicens
1196 1132 1204 1166 r
1216 1120 1305 1179 lutetia

374 1182 502 1237 CAPUT
514 1183 584 1235 vn.
771 1202 811 1250 epo
826 1190 909 1238 bomo!
922 1191 973 1251 que
985 1203 1022 1236 osc
1042 1188 1149 1238 liberabit
1164 1189 1191 1237 dc
1210 1201 1306 1250 comere

218 1270 282 1324 orsa
300 1271 362 1312 arara
379 1275 524 1322 mperrousus
543 1274 603 1312 nune
625 1272 746 1316 addiderit.
771 1260 853 1306 morlia
875 1255 964 1317 trojus?
980 1258 1066 1307 Gratia
1089 1258 1136 1307 bea·
1162 1271 1207 1320 aar
1225 1258 1305 1306 teram

239 1325 427 1365 excusatrdeinde
441 1327 481 1366 ubi
493 1329 584 1365 rationes
599 1336 691 1372 eorum,
707 1327 746 1374 qni
772 1326 890 1375 Christum
904 1327 1034 1374 Dominum
1053 1329 1169 1376 nomm,
1180 1324 1232 1384 Qui
1250 1336 1306 1384 el'sstl

238 1379 747 1479 ffif}„ffldznffffiffiffflffiffiffl‘ffij
771 1394 832 1442 elios
843 1406 857 1440 a
868 1395 949 1443 earnis
958 1394 1054 1443 lubrico
1065 1393 1305 1460 vindicabat,nuru·
1340 1429 1343 1433 ,

239 1484 357 1530 ceptionem
371 1484 490 1532 Scripturas
499 1479 590 1522 adstruit
606 1485 745 1523 testimoniis:
770 1463 831 1523 quid
847 1462 980 1511 ‘midam
994 1462 1105 1524 P⁰t0f³ts
1115 1475 1148 1514 Ν
1164 1463 1242 1513 eum
1253 1463 1305 1522 ῙΙ)ιθ

240 1538 388 1586 tumerposllo
403 1549 444 1577 eur
459 1539 577 1576 animumn
593 1538 686 1576 Domino
702 1548 746 1576 uon
771 1524 905 1580 dominat&
914 1530 1022 1593 quodam
1036 1531 1117 1581 camis
1131 1531 1204 1583 {stitit
1219 1529 1305 1581 vinee·

239 1593 403 1639 praetermissam
416 1594 549 1640 oportuerit,
559 1592 642 1631 eosdem
652 1602 706 1630 vano
715 1594 746 1631 ti·
771 1599 860 1648 retal-3

239 1646 746 1752 sterteirestitueremur:
800 1668 840 1716 o.
856 1667 905 1718 sa
922 1669 1002 1720 aar,
1020 1666 1186 1727 suasu
1203 1665 1305 1724 viru,

239 1754 362 1802 perieulum
371 1754 407 1800 ait,
417 1763 444 1792 ne
454 1754 576 1795 dividatur.
593 1754 700 1792 velletras
709 1754 745 1790 ri·
770 1735 918 1785 formidssbat
935 1738 1074 1787 illecebra&
1090 1737 1153 1798 5130
1171 1735 1199 1785 et
1221 1733 1304 1784 ‘rami'

239 1805 317 1844 ΜΝ
330 1807 490 1864 ἱπᾰῑῑᾶῑαῑωᾱ,
500 1807 607 1847 murinum
619 1805 746 1856 meoerpsss
770 1807 952 1868 susceptionem
969 1807 1095 1855 declinare
1111 1804 1252 1863 debuerat3
1273 1814 1304 1851 ne

240 1864 387 1910 ¹⁰¹⁰¹q¹²⁰¹¹¹²
770 1874 802 1922 ad
819 1876 942 1924 lubricum
966 1875 1108 1924 traheretur
1129 1872 1231 1922 erroris.
1259 1870 1305 1919 Sed

246 1940 285 1990 62.
296 1934 398 1991 Possunt
414 1942 491 1991 latius
503 1940 633 2002 persequi,
642 1942 687 1990 sed
702 1955 746 1991 ve·
770 1946 889 2006 quomodo
902 1945 1024 1992 lubricum
1034 1942 1131 2005 poterat
1140 1941 1232 1990 timere
1243 1953 1303 2002 pec·

215 2022 271 2061 reor
279 2024 311 2059 ne
320 2013 372 2060 baec
380 2013 432 2073 ipsa
440 2012 564 2071 aliquibus
572 2011 744 2072 autsupertlua
769 2014 832 2074 cati,
843 2014 885 2073 qui
895 2013 1025 2073 peecatum
1035 2010 1182 2061 remissurus
1193 2009 1304 2058 advene·

216 2081 259 2129 aut
275 2082 371 2140 prolixa
387 2082 526 2130 videantur.
542 2081 659 2129 Fortassis
677 2081 744 2129 enirn
769 2084 826 2132 rat-t
843 2084 872 2131 st
891 2082 948 2130 ideo
967 2094 1024 2129 cum
1045 2079 1184 2142 susceperit
1201 2092 1303 2128 carnem

216 2148 282 2197 (licat
296 2150 384 2211 aliquis
395 2163 402 2196 a
413 2152 498 2197 Nonne
512 2149 544 2197 de
557 2149 636 2197 Patris
645 2149 672 2197 et
687 2150 744 2198 lilii
770 2151 890 2211 bominis,
908 2162 1059 2210 consequens
1074 2147 1153 2197 estut
1170 2148 1304 2208 perlectio-

216 2215 346 2266 divinitate
354 2219 462 2279 quinque
472 2217 537 2276 illis,
545 2230 606 2277 quos
616 2219 743 2278 scripsisti,
770 2232 827 2269 nem
834 2216 1246 2278 incarnationisplenitudinemque
1253 2229 1304 2265 sus·

215 2284 287 2334 libris
297 2287 469 2333 conclusurum
479 2287 504 2332 te
515 2297 568 2332 esse
579 2285 744 2344 promiseras?
769 2287 877 2349 ceperit3
889 2287 954 2334 nibil
974 2286 1042 2334 enim
1059 2286 1086 2332 in
1095 2284 1192 2333 cbristo
1210 2284 1303 2345 imper·

215 2353 264 2401 Sed
278 2355 338 2414 quid
353 2355 525 2412 iaciam,cum
543 2354 653 2414 quotidie
669 2367 744 2404 noras
769 2359 870 2408 lectum.
897 2357 1010 2419 Suscepit
1036 2355 1119 2416 itaque
1140 2368 1256 2416 carnem,
1275 2356 1303 2404 ut

214 2422 339 2472 seminent
363 2422 532 2483 quaestiones?
557 2423 609 2470 Non
634 2424 745 2483 prater-tt
769 2425 952 2474 resuscitaret:
972 2424 1091 2472 adsumsit
1117 2425 1241 2485 enimam,
1260 2423 1302 2472 sed

216 2491 326 2551 sponsio,
345 2491 389 2539 sed
403 2491 534 2551 adstringit
550 2491 666 2548 obiectio.
683 2492 744 2539 Nam
768 2493 877 2540 animam
887 2493 1036 2554 perfectam,
1049 2491 1240 2552 rationabilem,
1255 2491 1303 2540 hu-

216 2560 421 2620 quenadmodum
444 2562 525 2621 potest
554 2560 610 2607 linis
630 2572 744 2609 essere·
768 2573 865 2608 manam
876 2560 1076 2620 adsumsltatque
1084 2559 1204 2619 suscepit.
1257 2559 1258 2562 ’

216 2630 314 2691 sponsi,
325 2631 346 2678 si
356 2629 443 2677 modus
453 2631 536 2679 nullus
547 2629 638 2688 objecti
649 2629 699 2677 sitl
799 2629 839 2679 66.
847 2630 906 2676 Nam
916 2628 973 2689 quis
981 2627 1063 2689 potest
1073 2639 1163 2687 negare
1175 2625 1241 2688 quod
1252 2639 1303 2677 sus·

245 2698 286 2746 ds.
304 2698 335 2746 st
344 2699 427 2746 tamen
437 2699 467 2746 de
484 2699 561 2747 Patris
576 2698 602 2746 et
612 2697 668 2745 Filii
679 2698 744 2746 diri·
769 2697 864 2759 ceperit
873 2697 995 2756 animam,
1007 2695 1130 2756 cumipse
1145 2696 1213 2744 dieat
1223 2708 1231 2742 s
1242 2697 1303 2755 Aoi-

216 2766 294 2816 nitate
312 2769 536 2816 consummaturum
560 2767 744 2827 responsionem
768 2780 834 2814 mom
855 2779 933 2815 mom
948 2778 1010 2826 pono
1023 2779 1067 2826 pro
1085 2764 1165 2812 oeibtas
1180 2763 1259 2812 roob?
1273 2765 1303 2810 lit

215 2835 243 2884 in
253 2836 422 2896 superioribus
439 2849 480 2885 me
489 2836 667 2897 spoponderam
678 2847 685 2881 r
696 2836 742 2884 boc
769 2835 859 2883 iterum
868 2850 875 2882 ε
884 2837 1012 2896 Propterea
1021 2848 1058 2882 me
1065 2835 1139 2882 Pater
1147 2834 1235 2895 adicit,
1246 2834 1302 2894 quia

213 2906 296 2953 autem
306 2905 370 2953 libro
380 2907 411 2953 de
422 2904 597 2955 incarnationis
608 2904 744 2953 Dominicae
768 2918 808 2965 epo
816 2918 879 2965 porro
893 2909 1000 2951 artiorem
1017 2916 1108 2960 mom,
1122 2905 1149 2950 at
1163 2904 1252 2950 iterum
1262 2915 1302 2950 sar·
1349 2902 1351 2905 ’

214 2976 366 3023 sacramento
375 2975 485 3035 plenior,
496 2975 560 3024 sicut
571 2974 671 3033 debuit,
680 2974 743 3022 tacta
767 2987 833 3022 mom
843 2975 919 3022 tilam.
930 2974 982 3021 Nou
992 2984 1038 3032 per
1053 2970 1196 3032 parabolam
1206 2970 1255 3021 boc
1264 2969 1303 3017 di-

214 3041 321 3102 dipestio
338 3043 383 3090 est.
398 3043 459 3089 Nam
475 3056 531 3090 cum
550 3041 612 3089 illud
627 3041 691 3101 quod
709 3042 744 3089 ait
769 3041 846 3100 citur,
856 3054 903 3088 nec
921 3038 1090 3100 perfunctoria
1105 3036 1300 3098 significatione,

215 3110 336 3158 Dominus
347 3122 354 3156 ε
367 3113 449 3158 Tristia
459 3113 493 3158 eet
508 3112 590 3158 orioro
605 3123 658 3156 mec
672 3123 744 3170 aeque
768 3109 796 3155 in
807 3120 856 3168 qua
868 3109 936 3156 aliud
947 3108 1053 3168 dicitur,
1064 3109 1090 3156 et
1100 3107 1169 3154 aliud
1179 3105 1303 3165 intelligi-

215 3179 247 3224 od
261 3180 375 3237 mortcm3
388 3179 414 3225 et
433 3176 498 3223 inira
513 3189 521 3222 ε
535 3179 608 3224 Pater
623 3191 701 3236 meua,
724 3180 745 3226 ai
768 3177 822 3236 tur,
840 3177 905 3226 sieut
920 3177 982 3224 illud
994 3191 1002 3224 a
1014 3178 1155 3226 Neomenias
1170 3178 1192 3223 et
1202 3175 1302 3224 sabbato

213 3245 319 3306 possibile
330 3247 372 3302 est,
381 3247 507 3306 transfero
517 3246 655 3292 maeoticam
667 3245 744 3293 lrunr:
768 3250 845 3295 oestro
853 3248 900 3294 odit
911 3248 992 3295 animo
1002 3259 1055 3295 mea
1064 3260 1072 3293 .·
1080 3246 1140 3293 licet
1152 3244 1229 3292 etiam
1238 3243 1303 3290 illud

214 3316 253 3362 scd
263 3317 341 3362 tooure
352 3327 399 3361 oon
409 3316 469 3362 elcut
478 3328 518 3375 apo
527 3315 593 3374 eolo,
603 3316 708 3364 acdricus
718 3319 744 3365 br
768 3315 799 3360 ad
815 3314 905 3362 Christi
922 3315 1029 3362 animam
1046 3315 1124 3374 possit
1134 3312 1235 3372 reterri,
1246 3324 1303 3371 quaa

214 3383 263 3442 ci's3
273 3393 323 3429 non
333 3381 365 3428 ad
379 3381 485 3441 Spiritus
500 3382 579 3430 sancti
596 3385 744 3443 compassio·
768 3381 825 3430 ideo
836 3384 914 3443 posita
925 3384 976 3442 cst,
987 3384 1016 3431 ut
1023 3382 1134 3430 aboleret
1142 3380 1251 3429 ludaicae
1263 3393 1303 3427 su·

215 3460 286 3508 nem,
297 3449 341 3497 sed
358 3449 389 3496 ad
399 3450 550 3498 rationabilis
566 3449 743 3499 adsumtionem
768 3452 920 3510 perstitionis
930 3463 1052 3510 errorem,
1062 3450 1089 3498 et
1099 3450 1174 3497 unius
1183 3448 1300 3496 sacrificii

214 3517 317 3576 enimse,
325 3517 351 3565 et
365 3518 459 3565 naturae
470 3519 583 3566 burnauae
592 3519 699 3568 retertur
708 3521 743 3568 ai·
768 3521 910 3570 institueret
921 3521 1063 3568 veritatem.

215 3583 482 3646 tectum,consequeus
489 3588 527 3635 est
538 3589 566 3635 ut
573 3601 618 3648 per
624 3589 743 3638 adsertio-
799 3590 838 3637 67.
850 3590 898 3637 Sed
914 3589 945 3637 de
957 3589 1003 3636 boe
1015 3588 1129 3636 dubitent
1139 3586 1302 3647 prophetico,

214 3665 272 3700 nem
283 3654 406 3701 Dominici
416 3657 562 3704 sacramenti
573 3658 598 3705 et
608 3658 743 3716 plenitudi-
768 3659 938 3720 evangelicum
950 3657 997 3705 lroc
1012 3657 1123 3705 refutare
1134 3667 1184 3703 non
1200 3655 1303 3715 possunt

214 3732 272 3768 nern
281 3724 375 3770 naturae
382 3723 495 3771 humane
505 3725 582 3773 fuisse
589 3725 743 3774 adstruamus
768 3726 798 3774 de
814 3728 902 3773 animae
918 3725 1069 3785 proprietate
1081 3725 1189 3782 dictum3
1201 3735 1260 3770 cum
1271 3723 1302 3770 de

215 3787 242 3833 in
252 3788 359 3846 cirristo,
368 3790 394 3836 et
403 3789 433 3835 ab
445 3790 593 3839 infirmitatis
600 3792 743 3852 praejudicio
768 3795 846 3840 morte
857 3793 957 3838 Domini
968 3791 993 3839 et
1003 3791 1187 3839 resurreetione
1197 3789 1231 3837 sit
1248 3789 1302 3836 die-

213 3855 334 3914 Spiritum
348 3857 459 3904 sanctum
465 3869 616 3917 separemus.
630 3861 686 3906 Nou
696 3871 743 3908 usu
768 3864 835 3920 tum;
846 3863 953 3921 denique
965 3860 1033 3908 addit
1044 3872 1051 3906 ε
1062 3861 1137 3908 Nemo
1150 3858 1212 3906 toltit
1220 3870 1275 3905 eum
1286 3871 1303 3904 o

214 3935 282 3973 larum
292 3925 413 3973 obnoxius
423 3925 575 3996 infirmitati,
585 3928 629 3988 qui
639 3939 689 3975 nou
705 3929 743 3976 est
767 3944 817 3988 me,
825 3932 863 3978 red
872 3943 912 3990 epo
920 3943 982 3990 pono
991 3943 1043 3977 corn
1052 3943 1068 3976 a
1077 3942 1114 3976 ase
1124 3930 1183 3988 ipso.
1192 3929 1304 3976 Potceto-
1369 3988 1371 3991 v

210 3993 464 4055 'obnoxiuspassioni
768 4000 814 4046 tem
834 3998 906 4046 babeo
922 3999 1024 4060 ponendi
1041 3999 1148 4045 animum
1170 4008 1263 4052 meum,
1280 3998 1302 4041 et

244 4061 283 4111 st.
295 4065 380 4122 Quaero
390 4063 466 4125 igitur
475 4076 522 4126 quo
531 4064 625 4114 ratione
636 4064 743 4114 animam
767 4068 903 4127 potestatem
921 4067 995 4114 brrbco
1012 4067 1098 4114 iterum
1113 4065 1223 4113 cumcocb'
1237 4075 1301 4110 eam.
