2760 4800
405 439 449 487 DE
465 442 613 488 siluisti
629 442 767 488 SANC'T'O
784 442 888 489 LIBER
904 444 922 488 Ι.
1177 440 1205 489 17

114 517 648 582 strictura‚quampoenaelieniquePetrum
674 522 1042 583 Nouatiquerseddonatsolus
1053 521 1206 582 Pater,soius

117 598 175 634 curn
183 600 261 648 nsque
270 587 298 634 in
305 588 396 635 atrium
407 589 526 650 principis
537 591 649 638 sacerdo·
674 591 766 652 Filius,
775 593 840 640 solus
849 592 955 652 Spiritus
963 592 1068 640 sanctus.
1081 591 1155 639 tiemo
1163 603 1205 638 au·

117 654 172 702 tum
180 657 311 702 Dominum
322 659 480 718 sequeretur,
491 671 648 718 quemnemo
673 659 724 707 tem
743 661 809 720 quod
827 660 908 721 potest
927 661 1033 721 donare,
1052 672 1103 708 nou
1125 660 1205 720 potest

116 723 494 784 ligaverat,fidesvinxeratret
505 740 579 787 quem
589 727 648 775 tides
673 728 776 777 euitare.
1104 747 1107 751 ·

116 794 216 854 vinxi-t,
232 806 305 853 poena
323 807 372 842 non
391 796 472 845 soluit.
488 797 582 844 Rursus
593 809 648 843 cum
706 798 760 845 rus.
768 797 818 846 Sed
826 797 926 847 fortusse
937 799 1002 847 dixit
1012 796 1102 858 aliquis
1111 797 1170 857 quia
1179 797 1205 844 et

116 863 367 924 urgentissimas,
376 864 648 925 deuotioselvit‚poena
673 866 802 926 Seraphim
817 867 883 915 dixit
898 868 973 915 Esaiae
984 881 991 914 ε
1003 871 1061 914 Eece
1076 868 1147 926 tetiyit
1162 864 1204 912 hoe
1268 881 1269 886 ¹

115 943 166 980 uon
174 930 268 991 tenuit3
277 931 336 992 quia
348 944 399 980 uon
408 934 511 982 recessit
519 945 533 980 a
542 934 644 981 Christe.
673 933 737 981 tedio
754 929 809 993 tuo,‘
823 938 846 983 et
856 937 946 995 sufferet
962 936 1094 995 iniquitates
1104 936 1171 989 tues,
1182 933 1204 978 et

147 997 316 1060 resurgeat
332 1000 360 1047 tu
375 1000 489 1061 crucifige
505 1004 647 1062 peccatum;
671 1007 768 1063 peccata
777 1007 821 1052 tuu
832 1005 1036 1066 circumpurqohit.
1045 1004 1154 1063 Auferet,
1166 1000 1205 1047 in·

115 1067 146 1116 ut
158 1069 263 1116 moriare
277 1069 379 1129 peceato
389 1083 396 1130 ;
408 1070 451 1129 qui
466 1070 532 1117 enim
547 1073 648 1131 peceato
673 1070 741 1130 quit,
753 1074 775 1119 et
789 1073 1061 1133 circumpurqehitznon
1075 1083 1119 1130 eqo
1134 1068 1204 1127 aute-

116 1137 231 1196 moritur‚
242 1138 295 1185 Dee
305 1137 370 1185 vivit
383 1152 389 1184 r
403 1139 473 1186 vivas
488 1139 512 1186 ei
527 1139 572 1198 qui
587 1139 656 1186 Filio*
673 1150 742 1197 ram,
753 1139 796 1186 sed
810 1139 875 1200 iguis
890 1141 934 1188 ille
950 1141 980 1187 de
995 1139 1067 1186 altari
1088 1138 1145 1197 Dei,
1155 1137 1203 1184 hoe
1258 1137 1261 1149 '

114 1206 216 1266 proprio
225 1218 275 1276 uon
290 1206 416 1266 pepercit;
429 1207 457 1253 ut
471 1206 496 1253 in
513 1207 582 1254 illius
597 1219 648 1254 cor·
674 1207 725 1266 est,
734 1207 811 1266 gratia
829 1208 955 1268 spiritatis.
968 1208 1033 1267 Quid
1046 1206 1116 1256 euim
1136 1205 1204 1253 aliud

19 1313 22 1317 .
115 1286 175 1333 pore
185 1277 279 1322 nostras
294 1274 449 1334 crucifigeret
463 1276 595 1334 passiones.
603 1277 648 1324 Pro
672 1272 714 1331 pie
729 1274 868 1338 intelligere
886 1288 1013 1334 pessumus
1028 1275 1054 1322 in
1069 1272 1140 1321 altari
1155 1273 1203 1321 Dei

115 1345 187 1392 rrohis
195 1345 262 1391 enim
273 1340 430 1401 mortuusvest
437 1345 559 1404 Christus,
567 1346 596 1393 ut
604 1358 648 1393 nos
672 1354 739 1401 esse,
752 1343 800 1390 nisi
810 1343 916 1403 Spiritus
925 1342 1045 1404 gratiam?
1054 1344 1106 1390 Neu
1115 1342 1202 1402 utique

115 1411 142 1458 in
162 1412 231 1460 iliius
248 1412 360 1460 redivivo
380 1424 480 1472 corpore
497 1413 646 1461 viveremus.
672 1409 765 1469 lignum
782 1412 912 1472 silvarum,
923 1424 970 1460 nee
985 1412 1112 1470 iutigiuem
1126 1410 1201 1470 atque

114 1480 209 1528 Mortua
219 1482 257 1528 est
268 1493 324 1541 ergo
337 1481 417 1527 initio
430 1492 481 1528 non
490 1481 542 1528 vita
552 1482 646 1540 nostra,
672 1478 810 1527 carbonem.
822 1480 871 1536 tut
888 1481 949 1541 quid
963 1481 1014 1528 tam
1029 1479 1112 1540 pium,
1127 1491 1202 1538 quam

114 1549 158 1597 sed
177 1550 267 1608 eulpa:
282 1552 327 1611 Qui
338 1554 446 1611 peccatu,
462 1550 556 1610 inquit,
566 1554 647 1599 uestro
671 1548 700 1595 ut
717 1549 851 1596 secundum
870 1549 1015 1609 mysterium
1035 1547 1202 1606 inteiligamus

113 1620 208 1678 pertulit
219 1621 347 1680 incorpore
355 1634 396 1668 suo
407 1634 475 1681 super
482 1621 585 1681 liquum;
596 1623 621 1667 ut
631 1635 647 1667 e
671 1616 729 1674 quia
744 1618 902 1666 revelabatur
912 1618 947 1672 in
963 1629 1005 1664 ore
1020 1617 1096 1664 Esaiae
1114 1627 1202 1662 omnes
1301 1671 1304 1679 Ἰ

111 1690 212 1747 peccatis
236 1691 321 1736 uostris
350 1691 453 1749 separati
477 1703 530 1736 cum
553 1690 646 1748 justitia
670 1684 978 1746 hominesperpassionem
986 1685 1075 1733 Christi
1083 1697 1136 1733 esse
1144 1695 1203 1744 pur·

112 1759 233 1815 uiuamus,
245 1757 311 1817 cujus
320 1759 415 1806 uutuere
427 1759 552 1819 pteqsrum
564 1760 647 1807 sanati
670 1754 774 1814 gaudes,
785 1756 828 1815 qui
839 1756 908 1805 velut
919 1755 992 1803 carbo
1003 1753 1136 1812 seeundum
1148 1765 1201 1800 ear·

112 1839 203 1874 sumus.
670 1821 1203 1884 nemexussituostrapeceata‚sieutinZa-

145 1892 199 1940 ios.
211 1893 314 1954 Lignum
325 1894 402 1954 igitur
411 1894 475 1941 illud
484 1894 565 1954 erucis
577 1896 645 1943 vetut
670 1891 753 1938 charia
762 1892 859 1946 hahes:
872 1896 956 1942 ii'euue
969 1894 1005 1940 iu'e
1019 1894 1067 1940 titio
1076 1892 1158 1949 eiectus
1169 1892 1200 1940 oh

114 1961 228 2020 quaedam
244 1963 333 2009 nostrae
351 1962 423 2009 navis
442 1963 527 2010 salutis
545 1964 645 2010 vectura
669 1959 734 2017 tuot?
742 1962 774 2007 Et
781 1961 819 2009 itte
829 1964 881 2009 eret
889 1964 955 2010 Iesus
964 1963 1057 2009 indutus
1065 1960 1200 2008 uesfimeutu

115 2031 196 2077 uestra
208 2030 258 2089 est,
271 2043 319 2078 uon
334 2043 419 2090 poena;
433 2031 482 2077 alia
500 2031 567 2091 enim
581 2033 646 2078 salus
669 2025 771 2079 sordido.
821 2059 823 2063 ι

112 2111 164 2145 nou
183 2100 233 2159 est,
245 2099 293 2147 uisi
310 2101 413 2148 vectura
431 2099 516 2147 salutis
537 2101 644 2148 aeternae.
700 2099 753 2148 ios.
766 2099 878 2160 Denique
895 2098 924 2147 ut
942 2100 1047 2147 sciamus
1065 2096 1201 2146 communis

114 2167 178 2214 Dum
194 2170 299 2216 mortem
313 2170 466 2229 expetendo,
482 2180 532 2216 uon
546 2169 643 2217 sentio:
670 2166 715 2213 hoc
733 2167 895 2214 redemtionis
915 2167 1060 2227 mysterium
1079 2179 1126 2226 per
1142 2177 1200 2225 pro-

114 2235 174 2282 dum
184 2249 283 2296 poenam
293 2237 480 2296 contemnendo,
489 2249 538 2284 non
548 2237 643 2296 patior:
669 2236 756 2294 phetas
764 2235 951 2284 'evidentissime
962 2236 1112 2293 revelatum,
1124 2234 1200 2282 etiam
1268 2290 1271 2297 ¹

113 2303 174 2350 dum
184 2307 279 2352 metum
288 2305 388 2364 nescio,
403 2305 559 2366 negligendo.
669 2304 715 2352 hoe
734 2305 788 2353 ioco
797 2352 799 2358 ,
808 2305 885 2352 hahes
905 2305 1016 2352 dictumr
1028 2306 1093 2355 hicce,
1106 2304 1202 2356 obstulit

146 2371 199 2420 106.
220 2373 280 2431 Quis
301 2373 339 2420 est
358 2373 434 2433 igitur
454 2374 525 2432 cujus
542 2375 645 2423 vulnere
667 2377 761 2433 peccota
776 2377 831 2433 ωας
843 2386 891 2420 nnn
905 2370 1200 2432 quodchristuspeceata

112 2440 242 2500 plagarum
261 2441 339 2488 sanati
358 2454 456 2500 sumus,
471 2442 520 2490 nisi
538 2442 646 2491 Christus
669 2454 712 2489 sna
720 2442 867 2503 deponeret,
877 2443 920 2503 qui
930 2442 1058 2502 peceatum
1068 2440 1199 2499 uonteoit;

114 2508 235 2557 Dominus
254 2522 261 2556 τ
282 2510 313 2557 de
334 2522 382 2570 quo
402 2510 470 2559 idem
489 2511 646 2571 prophetavit
669 2511 711 2557 sed
727 2511 792 2571 quod
808 2511 834 2558 in
845 2523 919 2558 earne
930 2510 1102 2559 Christiomue
1116 2521 1201 2569 apse-

113 2577 197 2626 Esaias
207 2579 265 2638 quia
274 2579 346 2638 playa
360 2578 414 2636 ejus
427 2581 510 2628 nostra
524 2580 646 2628 medicina
669 2580 729 2627 catis
736 2581 786 2627 suis
794 2592 871 2638 genus
879 2579 1199 2632 absolvereturhumanum.

115 2647 261 2707 estrdequo
269 2648 359 2694 Paulus
368 2649 492 2708 apostotus
502 2648 528 2695 in
537 2649 646 2709 epistolis
700 2650 752 2696 iit).
765 2649 813 2696 Sed
823 2649 918 2696 etiamsi
926 2648 1053 2707 Seraphim
1059 2648 1200 2695 abstulisset
1237 2642 1239 2645 ’

113 2715 166 2763 suis
174 2716 272 2774 scripsit
281 2729 287 2762 τ
297 2718 343 2777 Qui
348 2720 469 2776 peceatum
477 2731 525 2765 unu
533 2721 645 2778 coquoeit,
669 2719 811 2777 peccatum,
822 2718 891 2778 quasi
906 2729 986 2764 unum
999 2716 1086 2776 utique
1104 2715 1135 2762 de
1151 2714 1201 2761 mi·

112 2786 153 2832 sed
167 2798 211 2844 pre
227 2784 293 2831 uobis
307 2787 427 2844 peceatum
442 2787 520 2844 {octus
530 2789 563 2834 est
574 2785 584 2832 ἓ
595 2787 646 2834 iioe
670 2787 754 2834 histris
777 2785 826 2832 Dei
849 2785 880 2832 ad
899 2784 946 2832 hoo
971 2786 1035 2832 esset
1055 2783 1200 2844 mysterium

114 2853 209 2913 quippe
220 2851 333 2899 divinum
344 2854 371 2898 iu
380 2865 418 2912 eo,
426 2854 484 2912 quia
494 2867 551 2902 earo
560 2867 647 2914 pecca·
670 2854 827 2902 destinatum.
835 2854 875 2900 Sic
884 2853 950 2899 enirn
959 2852 1023 2900 dixit
1033 2853 1113 2899 Esaias
1122 2865 1128 2897 ε
1138 2853 1200 2912 Quis

114 2924 168 2969 turn
194 2933 244 2967 non
269 2920 344 2980 tecit,
364 2933 410 2968 nce
436 2922 463 2968 in
487 2934 516 2968 eo
541 2924 647 2982 suscepti
670 2920 1158 2980 miuumestodueeuuumdeserepuim.

113 2989 224 3048 eorporis
244 2990 356 3037 creatura
376 2989 567 3049 peccautuam
588 2989 648 3049 quid
910 3009 957 3041 ·-.
1112 3039 1131 3044 ,,

114 3057 219 3115 mirum,
230 3056 251 3104 si
262 3069 311 3103 non
326 3057 438 3116 peccavit
448 3057 500 3104 sola
514 3056 646 3117 divinitas,
833 3064 961 3117 cfflJT
980 3065 1033 3118 ΧῙ,

116 3137 173 3205 ΨΜ
193 3125 312 3184 pec⁰³¹¹di
332 3125 456 3173 incentiva
472 3138 522 3173 ⁰⁰¹¹
538 3124 648 3205 meat?
671 3154 775 3204 Spiritum
783 3154 810 3194 ad
818 3165 891 3194 omnes
899 3157 963 3200 mitti.
971 3154 1111 3196 neetransire
1119 3155 1199 3195 exioce

115 3195 141 3241 Sr
163 3196 246 3242 autem
263 3196 329 3242 solus
349 3206 434 3242 exsors
453 3195 548 3256 peccati
566 3196 646 3256 Deus,
692 3209 804 3254 annuum
816 3219 868 3247 cum
880 3211 988 3257 neereeo,
998 3219 1037 3248 nee
1047 3213 1201 3257 temperemu-

115 3263 196 3310 0mnis
220 3263 305 3323 utique
332 3264 443 3312 creatura
469 3276 515 3323 per
536 3265 647 3311 naturam
693 3263 847 3301 dumiensis
860 3263 928 3310 igitur
942 3263 1062 3301 eumexirc
1077 3263 1199 3309 afiiio,ut

114 3331 169 3390 sui,
186 3331 215 3378 ut
231 3331 354 3393 diximus,
370 3331 477 3379 obnoxia
495 3331 577 3392 petest
594 3344 647 3381 esse
672 3315 1199 3409 .ffiffigffiffigissofflffmmi‘''¹³³⁰“

113 3399 225 3459 peceato.
481 3395 482 3398 ’
1003 3397 1010 3417 ’
1091 3381 1152 3418 ”⁶⁰⁹¹
1161 3379 1200 3407 '⁸'

693 3424 788 3471 cipimus.
807 3425 886 3462 Eodem
906 3426 970 3463 etiam
988 3425 1052 3463 modo
1066 3425 1140 3462 venire
1155 3433 1200 3472 quo

692 3478 756 3515 Pater
774 3479 833 3526 ipse,
854 3489 866 3517 a
887 3488 931 3527 quo
950 3478 1043 3527 separari
1060 3487 1199 3526 nequaquam

290 3524 415 3579 CAPUT
443 3527 480 3578 X.
693 3535 765 3580 potest.

118 3591 181 3674 Quod
189 3623 280 3673 Spiritus
286 3629 369 3673 peecata
377 3626 482 3665 condonat
489 3652 495 3672 ,
503 3626 544 3666 hoc
552 3625 585 3664 illi
594 3606 646 3665 cum
701 3604 755 3654 m·
766 3606 800 3651 ET
811 3603 915 3664 spirans
927 3588 1026 3666 quidem
1037 3602 1125 3651 missus
1137 3602 1200 3650 dici·

141 3676 307 3724 rutenorum.
315 3689 359 3716 non
370 3683 443 3718 autem
452 3690 505 3719 eum
512 3680 646 3729 ingemesco
670 3672 710 3720 tur
720 3687 728 3720 ι
740 3673 783 3721 sed
801 3672 930 3733 Seraphim
946 3673 976 3719 ad
991 3685 1081 3731 unum,
1094 3671 1199 3732 Spiritus

141 3738 266 3769 commune.
670 3743 701 3790 ad
711 3754 795 3792 omues
804 3755 810 3788 :
820 3738 948 3802 Seraphim
961 3740 1067 3789 mittitur
1077 3741 1103 3788 in
1113 3741 1201 3788 minis·

99 3871 102 3874 .
148 3807 203 3856 sor.
214 3808 261 3857 Dm
279 3809 363 3871 igitur,
374 3810 524 3872 quicumque
542 3808 646 3872 Spiritus
671 3809 776 3870 terium,
786 3809 892 3869 Spiritus
906 3812 1020 3868 operatur
1035 3809 1197 3868 mysteriume

114 3876 646 3940 sanetidivinitaiemrreuasrspiritusautem
671 3878 798 3938 Seraphim
816 3879 882 3938 quod
900 3877 1017 3937 iubetur,
1029 3877 1197 3939 exsequitur,

116 3945 239 3994 obnoxius
252 3958 301 3993 nou
315 3946 397 4005 potuit
412 3959 465 3995 esse
479 3949 593 4007 peceato,
603 3948 645 4008 qui
670 3948 777 4010 Spiritus
792 3947 858 4007 quod
871 3948 939 4006 vuit,
951 3946 1041 3994 dividit
1052 3958 1059 3991 t
1070 3943 1198 4003 Seraphim

115 4015 194 4074 magis
204 4017 305 4076 peccata
316 4013 452 4064 condonati
466 4017 589 4076 Numquid
598 4018 647 4064 hn-
671 4016 701 4064 de
719 4017 772 4065 loeo
792 4015 822 4065 ad
845 4016 927 4062 locum
946 4013 1045 4071 transit3
1061 4023 1110 4058 non
1131 4010 1198 4068 enim

114 4083 187 4143 uetus
206 4081 303 4192 (1οὲ111
321 4083 442 4144 numquid
459 4081 623 4144 hrehauqelus
636 4083 647 4131 1
671 4084 777 4146 complet
789 4083 883 4157 omnia,
896 4081 939 4130 sed
955 4079 1200 4188 etipsurn²reptetur

522 4315 523 4318 '
551 4332 556 4359 u
