2760 4800
417 418 427 437 .
452 398 493 441 ne
513 381 747 443 saonamsuurs
764 400 864 445 nrnnn
882 403 923 448 vr.
1194 405 1239 454 lm
1263 419 1282 445 α

148 477 211 526 tuus
229 477 302 526 bomo
323 477 393 525 vetus
413 478 438 524 in
460 477 528 540 lente
547 478 683 538 dimersus,
709 481 791 528 minus
801 482 866 530 dicat
877 496 884 528 a
895 485 963 531 lutra
977 486 1002 531 iu
1013 486 1140 534 cubiculum
1155 492 1235 549 tuum,

149 548 254 611 peccato
269 545 400 595 crucifixus
414 545 466 606 est,
481 546 524 594 sed
539 546 591 594 Deo
602 559 685 597 resur·
709 548 1238 617 clorotsednonestcontrarium.llocerge

150 618 230 667 rexit.
710 617 863 665 absolvamus
882 631 890 665 s
908 619 997 667 deiude
1011 623 1132 680 quomedo
1148 625 1237 674 debeas

183 686 207 734 8.
219 685 315 733 Deinde
326 685 402 734 babes
415 686 476 733 alibi
488 685 610 746 speciale,
621 685 685 746 quod
710 683 819 743 incipere
836 685 984 745 orationem,
1001 689 1026 735 et
1043 701 1092 747 quo
1103 690 1188 738 ordine
1199 691 1238 738 di-

150 756 178 802 te
187 755 315 803 vocaverit
322 756 402 814 Deus,
413 754 593 815 inbaptismate
602 755 684 802 autem
710 751 847 812 stinguere,
862 753 923 813 quid
938 755 1084 815 subtexere,
1103 758 1162 816 qnid
1176 759 1238 807 alle-

150 824 222 884 quasi
230 823 371 884 specialiter
379 823 575 883 concrucifigeris
581 822 684 871 Christo.
710 831 781 880 gare,
797 822 1001 881 quemadmodum
1017 825 1131 872 claudere
1147 828 1237 874 oratio-

150 891 249 939 Deinde
261 891 330 953 quasi
347 891 502 951 speclallter,
513 890 609 950 quando
620 891 685 938 acci·
709 899 779 946 nem,
788 889 931 951 deindepro
939 903 987 951 qno
995 903 1062 940 orare
1070 892 1159 941 debeas
1168 908 1175 941 c
1185 895 1238 945 baec

150 960 192 1021 pls
205 958 316 1019 spiritale
333 959 499 1019 signaculum,
510 959 568 1007 vide
583 958 685 1006 distinc-
710 956 790 1002 emnia
801 957 921 1006 dicamus.

150 1027 536 1088 tionempersonarumesse,sed
546 1038 684 1074 connexum
741 1024 778 1070 lb.
796 1026 877 1072 Primo
896 1026 940 1073 ubi
958 1039 1027 1076 orare
1045 1028 1143 1078 debeas.
1165 1032 1238 1081 Aliud

150 1106 228 1148 omne
239 1095 385 1155 mysterium
395 1095 531 1144 Trinitatis.
709 1093 797 1140 Paulus
810 1094 910 1141 videtur
923 1095 1021 1154 dicere,
1033 1097 1100 1144 aliud
1110 1100 1237 1149 Dominus.

183 1164 208 1212 9.
220 1163 315 1211 Deinde
331 1163 391 1225 quid
409 1164 537 1224 Apostolus
548 1162 595 1210 tibi
605 1162 684 1223 dixit,
709 1159 831 1218 Numquid
848 1160 928 1219 potuit
943 1161 1032 1209 Paulus
1048 1165 1131 1212 contra
1147 1167 1237 1217 Christi
1284 1173 1289 1187 '

150 1233 181 1281 ut
190 1232 285 1279 lectum
300 1233 337 1280 cst
346 1233 436 1280 nudius
447 1231 548 1279 tertius?
557 1233 685 1280 Diuisioucs
710 1226 797 1272 docere
808 1228 945 1288 praeceptas
959 1230 1011 1276 lton
1027 1230 1123 1291 utique.
1134 1235 1187 1292 Qua
1197 1250 1238 1285 ra-

150 1302 233 1361 outcm
248 1302 380 1360 gratiarum
394 1303 462 1357 eunt,
474 1301 533 1347 idem
543 1303 622 1347 aulem
633 1301 684 1359 Spi-
710 1293 791 1341 tione?
802 1295 863 1352 Quia
879 1308 928 1342 nou
944 1298 1091 1359 contrarius,
1109 1303 1152 1348 sed
1162 1304 1238 1353 inter-

150 1370 223 1417 ritus.
231 1371 359 1418 Diuisioues
365 1371 546 1416 ministeriorum
553 1371 616 1425 suut,
625 1370 684 1415 idern
709 1374 765 1420 pres
776 1363 813 1410 esi
819 1365 907 1412 Christi
916 1378 923 1409 ²
932 1366 1079 1425 Imitaloms
1088 1369 1180 1431 inquit,
1191 1378 1237 1423 mei

150 1439 233 1484 eutem
249 1438 372 1484 Dominus.
387 1439 514 1484 Diuisioucs
525 1437 683 1496 operationum
708 1433 789 1489 estete,
804 1433 862 1479 deul
878 1436 900 1480 ct
917 1447 957 1493 ege
974 1435 1069 1484 Christi.
1085 1439 1148 1494 Quid
1164 1444 1240 1502 ergo!

150 1507 222 1562 suut,
232 1505 292 1551 idem
301 1507 379 1551 eutem
385 1507 461 1562 Deus,
470 1507 511 1565 qui
518 1507 684 1571 operaturum·
708 1499 778 1546 Potes
793 1499 885 1561 ubique
901 1514 984 1561 orare,
996 1504 1022 1551 et
1033 1504 1060 1551 in
1071 1507 1183 1558 cubiculo
1194 1515 1236 1561 tuo

150 1575 195 1621 uio
211 1574 237 1633 iu
253 1572 366 1620 omnibus.
379 1572 480 1632 Omnia,
492 1571 586 1632 inquit,
597 1582 683 1630 opera-
709 1579 805 1627 semper
815 1581 894 1617 orare.
905 1570 986 1618 Habes
994 1572 1086 1633 ubique
1095 1577 1236 1628 cubiculum

150 1643 194 1698 tpr
202 1638 283 1688 Dens.
295 1640 343 1686 Sed
353 1640 379 1686 et
390 1640 421 1686 de
432 1639 525 1699 Spiritu
535 1640 581 1684 Dei
591 1639 682 1685 lectum
708 1637 789 1684 tuum.
804 1638 854 1684 Etsi
872 1639 938 1685 inter
952 1641 1050 1701 gentes,
1066 1643 1132 1691 inter
1142 1629 1237 1698 ledaeos

151 1710 209 1756 est:
225 1711 287 1757 Uuus
302 1710 371 1768 utque
388 1710 450 1755 idem
468 1709 568 1767 Spiritus
584 1707 683 1753 dirideus
709 1705 800 1763 pesitus
811 1706 857 1766 sis;
876 1707 952 1754 babes
970 1709 1052 1756 tamen
1064 1711 1155 1773 ubique
1166 1717 1237 1765 tuum

150 1779 250 1837 singulis
262 1778 332 1838 prout
342 1777 399 1823 cult.
411 1774 474 1822 Audi
485 1773 634 1833 scripturam
645 1773 684 1820 di·
708 1773 838 1820 secretum.
857 1774 1001 1821 Cubiculum
1019 1770 1089 1825 tuum
1108 1793 1178 1830 mens
1195 1786 1237 1832 tua

152 1849 252 1894 centem
262 1845 319 1905 quia
332 1845 420 1892 diuidit
429 1843 534 1902 Spiritus
542 1855 585 1902 pre
596 1844 683 1890 volun·
708 1840 753 1885 est.
771 1841 798 1885 ln
816 1843 907 1899 populo
923 1842 982 1888 licet
993 1845 1098 1904 positus,
1110 1847 1193 1905 tamen
1210 1854 1238 1900 in

150 1915 206 1962 tate
216 1927 259 1961 sua
268 1946 276 1971 ‚
284 1926 332 1960 non
340 1925 384 1973 pro
393 1913 518 1972 obsequio.
528 1913 589 1970 Ergo
595 1910 683 1958 dividit
708 1904 825 1954 interiore
836 1909 936 1955 bomine
948 1921 1063 1958 arcanum
1075 1914 1144 1962 tuum
1155 1930 1236 1967 secre-

151 1982 225 2028 vobis
242 1981 347 2041 Spiritus
357 1981 460 2041 gratiam
473 1980 547 2038 prout
556 1979 624 2035 uult,
635 1990 683 2023 non
708 1978 809 2035 tumque
825 1989 962 2026 conservas.

150 2051 228 2111 prout
235 2051 351 2110 jubetur3
363 2051 388 2097 et
398 2049 506 2095 maxime
514 2047 571 2107 quia
579 2047 684 2107 Spiritus
738 2046 776 2091 lb.
787 2049 823 2093 Tu
833 2050 910 2094 cutem
919 2063 972 2095 cum
983 2063 1038 2097 orae
1045 2083 1053 2107 ,
1064 2053 1128 2101 iutra
1140 2058 1164 2102 iu
1172 2059 1237 2107 cubi·

151 2121 214 2179 Dei,
225 2119 482 2182 Spiritustristiest.
492 2119 521 2166 Et
529 2117 591 2165 illud
600 2118 683 2164 tenete
708 2113 785 2160 cutum
796 2118 870 2162 tuum.
879 2117 944 2163 Bene
953 2116 999 2177 ait,
1007 2120 1087 2179 iutrn,·
1096 2134 1128 2168 nc
1137 2125 1172 2170 sic
1183 2139 1237 2175 ores

152 2187 235 2247 ipsum
255 2200 307 2235 esse
326 2186 444 2246 Spiritum
461 2185 586 2243 sanctum,
603 2184 683 2243 ipsum
708 2183 827 2242 quomedo
837 2184 948 2244 iudaeus,
961 2186 1101 2236 cuidicitur
1114 2204 1121 2236 c
1136 2196 1237 2254 Populus

152 2255 272 2316 Spiritum
282 2255 343 2313 Dei,
358 2256 439 2315 ipsum
451 2253 570 2313 Spiritum
578 2252 682 2312 Christi,
708 2251 995 2312 dictabiismclcouorat,
1012 2262 1139 2307 cornutum
1155 2277 1241 2312 corum
1322 2294 1325 2298 -

153 2324 235 2384 ipsum
244 2323 363 2382 Spiritum
375 2323 529 2382 paraclitum.
682 2376 685 2380 .
708 2321 773 2380 leuge
787 2324 821 2368 est
835 2336 851 2369 a
868 2335 913 2369 rue.
928 2324 981 2369 Non
994 2336 1051 2382 ergo
1061 2324 1092 2372 dc
1103 2327 1174 2376 labiis
1184 2333 1237 2379 tan-

185 2392 224 2439 lt).
233 2392 328 2439 Arriani
338 2387 433 2451 putent'
434 2403 461 2441 se
472 2391 588 2449 derogare
601 2389 683 2436 sancto
708 2388 832 2437 tummode
849 2391 891 2438 tua
908 2391 1025 2451 procedat
1043 2395 1128 2442 oratio.
1148 2397 1236 2448 Animo

153 2461 271 2521 Spiritui,
291 2461 311 2508 si
327 2461 409 2508 dicant
423 2461 494 2507 illum
509 2460 627 2519 Spintum
641 2471 685 2517 pa·
709 2456 898 2519 recommends,
910 2460 972 2506 intra
984 2461 1237 2525 inrecessumpecto-

141 2528 278 2576 ⁴raclitum.
290 2529 353 2587 Quid
365 2528 556 2589 estparaclitns,
567 2527 615 2574 nisi
626 2539 685 2573 con·
708 2525 742 2570 ris
749 2525 801 2585 tui,
812 2526 878 2574 totus
886 2524 1023 2587 ingredere.
1033 2531 1114 2578 Nonte
1122 2535 1237 2595 perfunc-

152 2597 257 2644 selatori
271 2597 344 2655 Quasi
360 2609 409 2643 non
425 2598 451 2643 et
465 2595 496 2642 de
510 2596 581 2642 Patre
591 2594 683 2641 lectum
709 2593 798 2640 terium
813 2595 897 2642 videat
907 2597 965 2655 ille,
977 2598 1017 2644 cui
1027 2599 1053 2646 te
1063 2601 1161 2658 placere
1172 2604 1238 2652 desi·
1313 2624 1316 2630 ·

153 2665 200 2724 sit,
218 2667 275 2726 quia
295 2667 347 2724 ipse
367 2666 404 2711 est
421 2667 487 2711 Deus
505 2662 683 2710 consolationis.
709 2661 787 2708 decas·
799 2663 888 2710 Videat
899 2665 955 2723 quia
968 2678 1000 2712 ex
1009 2668 1082 2714 corde
1095 2682 1161 2728 orus,
1173 2675 1200 2720 nt
1211 2674 1236 2721 te

152 2731 229 2778 Vides
242 2744 298 2790 ergo
314 2731 372 2789 quia
381 2730 408 2775 in
423 2742 452 2775 eo
462 2729 627 2786 derogandum
639 2741 685 2786 pu·
709 2741 741 2774 ex
750 2731 821 2778 corde
832 2731 942 2779 orantem
954 2733 1068 2792 dignetur
1079 2739 1174 2786 audire.

152 2798 207 2846 tent
216 2797 318 2855 Spiritui
326 2795 454 2853 sancto,in
460 2806 508 2852 quo
515 2793 592 2839 Patris
599 2793 684 2841 aeterni
740 2795 777 2844 lb.
792 2802 828 2845 Tu
839 2803 916 2846 nutem
927 2815 979 2847 cum
992 2816 1059 2859 oros,
1068 2805 1132 2851 iutra
1142 2809 1167 2852 iu
1175 2809 1238 2855 cubi-

152 2864 263 2927 potestas
271 2863 313 2923 pio
322 2863 470 2922 praedicatur
479 2860 577 2908 aflectu.
710 2867 787 2911 celem
797 2870 871 2914 tuem.
888 2869 969 2915 Habes
983 2870 1029 2915 boc
1048 2871 1073 2916 et
1089 2872 1147 2918 alim
1160 2887 1167 2918 :
1180 2876 1238 2922 Am·

392 2959 452 2972 .-
711 2933 765 2979 bula
776 2936 874 2994 populus
889 2949 966 2992 meus,
981 2938 1002 2982 ct
1016 2939 1080 2984 iutra
1096 2941 1120 2984 iu
1138 2954 1238 2991 recessus

330 3009 459 3064 CAPUT
480 3010 540 3061 111,
711 3004 776 3062 tuos,
795 3003 874 3049 ctnudc'
895 3006 979 3050 ostium
999 3006 1080 3062 tuum,
1101 3007 1238 3057 abscondere

154 3110 240 3152 orandi
256 3111 361 3149 rationem
378 3110 510 3156 traditurus,
528 3108 608 3148 Christi
621 3111 685 3156 alque
708 3071 829 3130 pmnum’
839 3073 909 3119 dmm
918 3074 1021 3119 transeat
1029 3075 1067 3120 ira
1073 3077 1176 3122 nmini·
1187 3076 1238 3125 Ποῦ

177 3165 270 3214 Apostoli
279 3163 684 3209 verbainterseconciliut‚cubicnlum
710 3140 825 3199 l⁰qu¹¹tu⁵
839 3139 877 3186 ‘est
891 3140 1008 3187 D⁰mi¹¹u⁸
1018 3153 1063 3198 pes
1072 3142 1215 3201 pmpnetam
1228 3156 1237 3192 ²

180 3216 208 3254 de
220 3227 264 3263 quo
276 3217 375 3264 loquitur
385 3216 481 3254 Christus
489 3216 515 3252 de
524 3219 604 3253 secreto
616 3215 686 3252 cordis
710 3208 737 3254 ill
756 3207 886 3266 Evangelio
902 3209 984 3254 autem
1004 3209 1089 3255 dixit:
1107 3213 1142 3256 Tu
1160 3215 1238 3259 aulen

151 3270 156 3275 .
180 3270 295 3308 mellentio
303 3270 539 3316 interpretandumesse
548 3269 661 3306 declarans.
709 3289 840 3333 mmmm,
855 3279 919 3323 ,nfra
935 3278 959 3323 fn
975 3278 1105 3325 cubiculum
1120 3280 1199 3340 mum).
1215 3283 1237 3329 Β.

187 3349 225 3395 ll.
240 3350 312 3396 Nuus
328 3349 448 3409 quemodo
463 3360 532 3396 orare
552 3348 685 3394 debeamus
710 3345 788 3392 clauso
798 3344 869 3401 eslio',
880 3358 923 3391 ora
933 3346 1029 3391 Putrem
1040 3348 1113 3392 tuum.

154 3417 271 3477 accipite.
284 3419 364 3465 Multae
376 3419 481 3465 virtutes
491 3417 607 3465 orationis
617 3417 683 3464 sunt.
739 3414 778 3459 lb.
790 3412 855 3470 Quid
869 3413 906 3458 est
920 3413 1002 3459 clauso
1013 3412 1089 3460 ostiot
1097 3414 1160 3461 Audi
1172 3416 1236 3474 quod

154 3485 203 3532 Ubi
219 3498 287 3532 orare
299 3486 431 3533 debeamus
441 3498 490 3532 non
501 3487 538 3533 est
547 3486 683 3543 mediocre,
709 3481 800 3537 ostium,
809 3480 915 3540 habeas,
926 3481 991 3539 quod
1006 3481 1095 3528 debeas
1105 3482 1236 3542 claudere,

154 3565 202 3600 nec
213 3553 342 3601 mediocris
358 3554 468 3613 questio.
485 3553 525 3599 bit
543 3553 684 3613 apostolus:
709 3548 805 3609 quando
829 3561 891 3596 oras.
912 3551 1011 3596 Utinam
1029 3551 1146 3598 mulieres
1167 3551 1238 3597 andi·

156 3620 217 3678 Volo
228 3622 306 3666 eutem
316 3621 377 3667 eires
389 3634 458 3667 orere
468 3622 493 3668 iu
507 3622 572 3680 omui
579 3621 640 3676 loce,
652 3621 685 3666 lc·
709 3618 764 3663 rent
772 3615 793 3661 *t
810 3617 904 3663 Audisti
918 3617 984 3676 jam3
1000 3618 1097 3664 sauctus
1107 3617 1186 3664 David
1196 3617 1237 3663 do·

153 3690 236 3736 saules
245 3700 317 3746 purus
328 3701 413 3735 memus
428 3690 476 3736 siue
493 3689 531 3734 ira
541 3689 562 3734 rt
573 3689 685 3746 dbcepla-
710 3684 761 3730 cuit
776 3684 800 3730 te
819 3682 902 3730 dicens
917 3695 925 3730 c
941 3685 1020 3740 Perre,
1034 3687 1147 3740 Domine,
1162 3687 1239 3731 custo·

154 3757 225 3802 tiouc.
242 3756 271 3801 Et
287 3755 406 3803 Dominus
421 3755 481 3803 dicit
495 3756 522 3802 iu
536 3755 682 3814 Evangelio:
709 3753 772 3798 dium
783 3753 820 3798 ori
828 3765 893 3808 mco,
908 3754 930 3799 ct
944 3754 1027 3799 ostium
1043 3754 1153 3800 circuitus
1170 3752 1238 3798 labiis

156 3825 194 3870 lu
205 3827 283 3871 eutem
294 3837 346 3871 cum
361 3838 428 3883 orus,
439 3828 505 3873 iutra
519 3826 544 3871 iu
554 3825 684 3872 cubiculum
708 3823 773 3869 meis.
782 3821 824 3868 Est
830 3821 891 3868 alibi
898 3820 1066 3881 estium‚quod
1073 3821 1108 3867 ait
1116 3818 1238 3878 apostolus

155 3892 237 3950 luum3
248 3893 269 3937 et
278 3892 356 3940 clauso
366 3895 438 3949 ostio,
448 3907 491 3940 eru
501 3894 597 3939 Putrem
608 3895 682 3939 tuum.
708 3893 1239 3966 Τ··Τ·,·“·-·-·····“-“”ᾱ“““
1278 3934 1282 3941 ,

153 3957 207 4004 Non
217 3959 262 4005 tibi
272 3959 429 4008 videturesse
438 3959 599 4020 contrarium,
610 3961 638 4009 ut
646 3960 685 4007 di·
708 3937 1239 4034 ,hflffi'o‘ffiffeffiefffflfflgffffgfflsscggss
1284 4014 1287 4019 Ι

155 4027 196 4086 eat
208 4026 333 4089 Apostolus
341 4042 347 4076 :
356 4031 383 4078 la
398 4029 464 4076 omui-
473 4027 522 4075 toco
533 4040 590 4088 oru‚·
599 4029 625 4076 et
635 4029 683 4076 De·
708 4041 849 4080 incommune
859 4040 986 4088 presseram.
