2760 4800
272 408 315 457 ml
329 411 433 457 OBITU
447 409 710 458 VALENTllllrllll
724 413 946 461 CONSOLnTlo.
1107 412 1151 463 {89

61 491 187 553 fecerant,
198 492 292 540 invidia
304 493 377 555 atquc
395 495 526 554 jactantia,
537 508 591 555 quae
616 492 661 542 tris
671 495 814 544 nominibus
831 497 956 545 adbaerere
969 495 1054 558 iuvat,
1077 498 1152 558 atque

60 565 88 612 in
103 562 229 625 plerisque
252 563 331 610 solent
356 562 470 611 fraternae
492 565 592 623 pietatis
616 563 757 612 delectatin
770 565 845 613 vestri
856 563 1088 613 commemoratione
1105 580 1147 614 re·

58 633 118 692 jura
129 643 244 680 vacuare.
616 632 755 693 quiescere.
767 635 786 681 0
797 635 911 681 omnibus
928 634 1043 682 Gratiano
1063 634 1088 681 et
1097 635 1147 681 Va·

91 700 131 747 77.
141 699 259 746 Videntes
270 712 312 748 eos
323 701 364 750 rel
372 702 474 762 angeli,
486 702 527 751 vel
537 700 592 749 aliae
617 701 753 749 lentiuiane
764 703 867 762 speciosi
878 703 904 750 et
912 701 1151 762 carissimillnsepa·
1187 710 1190 715 ’

57 769 163 829 animae,
175 769 288 829 quaerunt
297 769 328 817 ab
338 769 383 829 iis,
395 784 451 830 quae
462 771 542 819 veluti
552 770 594 818 co·
616 771 708 820 nabiles
723 773 751 820 in
765 773 831 833 vita,
843 772 868 820 et
886 773 913 820 in
932 775 1011 821 morte
1028 785 1079 821 non
1091 773 1150 820 estis

58 837 151 885 mitatu
168 849 212 885 suo
230 837 318 886 fratres
329 838 373 885 bos
387 839 504 887 etofficio
515 838 593 887 dedu·
617 840 730 900 separati.
749 843 801 889 Non
825 854 868 890 vos
886 841 1005 891 discrevit
1022 841 1150 899 tumulus,

60 906 165 966 cebant,
176 907 287 955 dice-ntes
302 920 308 953 :
321 909 378 969 Quae
389 911 422 957 est
432 909 481 957 boec
492 922 543 970 qooe
550 911 592 957 acl·
617 923 677 970 quos
683 923 731 957 non
737 909 892 958 discernebat
899 910 1067 958 allectuslton
1076 921 1149 957 causa

57 978 148 1024 scendet
165 978 278 1034 candido,
297 979 397 1026 innitens
410 991 479 1038 snper
494 978 593 1038 fratrem
616 979 702 1026 mortis
713 979 849 1039 separarit,
859 991 919 1038 quos
929 979 1008 1039 pietas
1026 991 1076 1025 una
1091 977 1149 1036 J'un·

59 1058 144 1093 mum.
161 1045 211 1093 Nec
229 1057 273 1092 nos
290 1045 392 1106 quidem
410 1046 551 1095 dubitemus
562 1048 593 1094 de
617 1046 699 1106 gebat.
719 1048 772 1094 Nou
792 1047 912 1095 virtutum
930 1047 1046 1094 distantia
1067 1046 1149 1104 dispa-

59 1113 456 1175 meritisvalentiniani,sed1am
465 1117 594 1164 credamus
617 1128 657 1163 res
667 1114 741 1175 fecit,
753 1127 813 1174 quos
821 1115 908 1175 religio
916 1127 965 1162 una
980 1115 1087 1162 fovebat.
1103 1113 1148 1161 Su-

21 1197 27 1205 “
60 1183 103 1231 vel
122 1182 270 1230 testimoniis
287 1184 447 1246 Angelorum,
466 1186 532 1247 quod
549 1186 594 1233 de·
618 1197 663 1243 per
674 1184 798 1232 columbas
808 1183 983 1244 simpliciores,
994 1195 1069 1242 super
1078 1182 1150 1242 aqui·

60 1253 129 1300 tersa
145 1252 203 1300 labe
222 1253 332 1313 peccati,
344 1252 443 1302 ablutus
453 1255 593 1315 adscendit,
618 1254 653 1300 las
663 1253 785 1313 leviores,
796 1265 870 1312 super
881 1264 955 1311 agnos
966 1251 1148 1309 clementiores,
1162 1297 1165 1305 ,

60 1333 138 1382 quom
149 1334 193 1369 sua
203 1321 263 1370 fides
274 1323 352 1387 lavit,
370 1324 395 1370 et
406 1324 495 1383 petitio
506 1336 594 1373 conse·
618 1333 692 1382 super
710 1321 802 1370 vitulos
821 1322 1019 1368 innocentiores.
1040 1319 1148 1367 Gratiani

61 1391 151 1439 crevit.
168 1391 300 1438 Credamus
312 1391 337 1440 et
347 1391 411 1439 sicut
428 1393 470 1440 alii
486 1394 593 1453 habent,
618 1390 706 1451 sagitta
717 1403 767 1438 non
777 1390 814 1438 est
823 1402 922 1438 reversa
933 1389 1012 1449 retro,
1025 1389 1050 1435 et
1058 1390 1148 1435 Valen-

60 1459 594 1520 qniaadcenditodeserto,hocest,enboc
618 1460 707 1507 finiani
722 1459 818 1518 institia
845 1458 962 1507 nonfuit
982 1470 1075 1515 vacua,
1096 1469 1144 1505 nec

60 1525 169 1573 aridoet
179 1527 274 1575 inculto
282 1528 335 1575 loco
343 1527 374 1574 ad
386 1527 443 1576 illas
454 1529 595 1580 florulentas
619 1529 698 1577 inanis
710 1530 849 1577 auctoritas.
860 1528 984 1586 Quomodo
995 1527 1049 1575 sine
1066 1538 1149 1587 pugna

61 1586 309 1656 delectationes,ubi
320 1609 377 1644 cum
393 1596 468 1646 fratre
479 1600 595 1658 conjunc·
619 1598 762 1652 ceciderunt
777 1599 900 1658 potentes.

62 1665 104 1712 tus
114 1666 213 1712 aeternae
224 1665 284 1713 ritae
294 1664 385 1712 fruitur
396 1668 532 1728 voluptate.
649 1667 687 1714 79.
700 1668 775 1714 Doleo
784 1667 811 1712 in
821 1667 859 1726 te,
870 1666 906 1713 lili
921 1664 1054 1724 (tratione,
1066 1662 1149 1713 suavis

94 1733 134 1780 78.
145 1733 215 1780 Beati
226 1732 320 1793 ambo*,
333 1735 354 1781 si
364 1734 424 1794 quid
433 1749 495 1783 meae
505 1737 595 1787 oratio·
618 1735 681 1781 mibi
689 1736 768 1783 valde.
776 1735 883 1782 Plurima
895 1734 984 1782 dedisti
992 1735 1041 1782 tuae
1049 1733 1149 1795 pietatis

62 1815 109 1851 nes
128 1802 261 1850 valebuntl
274 1803 343 1849 nulla
360 1803 413 1851 dies
431 1817 475 1852 vos
496 1807 594 1855 silentio
617 1803 732 1862 insignia·
743 1803 829 1850 Turne
846 1802 911 1849 inter
925 1803 968 1848 tua
984 1802 1095 1860 pericula
1110 1813 1150 1847 re-

62 1870 214 1930 praeteribit‚
230 1870 299 1918 nulla
315 1871 472 1920 inhonoratos
482 1887 526 1922 vos
537 1887 592 1922 mea
618 1872 744 1930 quirebas,
756 1872 817 1918 tuin
828 1871 1002 1918 tuisextremis
1011 1883 1051 1917 me
1061 1870 1147 1929 appel-

61 1938 179 1986 transibit
189 1938 283 1998 oratio,
293 1932 423 1986 nnlla'nox
432 1952 481 1987 non
492 1941 593 1989 donatos
619 1940 698 1997 labos,
714 1952 798 1986 meum
818 1940 849 1986 de
861 1941 886 1986 te
902 1940 957 1999 plus
969 1939 1069 1986 dolebas
1080 1938 1149 1985 dolo-

63 2004 147 2066 sliqua
168 2017 269 2066 precum
296 2001 407 2054 mearum
434 2008 593 2056 contextione
618 2005 1149 2066 remboleoetiamiute,filiva1entinione‚

64 2073 238 2121 transcurret:
253 2073 365 2121 omnibus
376 2087 419 2122 ros
431 2075 594 2124 oblationibus
618 2075 742 2134 speciosus
760 2075 823 2122 milri
838 2074 919 2123 valde.
936 2074 1066 2121 Desiderat
1082 2087 1150 2121 amor

60 2141 235 2203 frequentabo.
247 2142 307 2200 Quis
323 2144 464 2202 prohibebit
480 2145 595 2194 innoxios
618 2145 675 2191 tuus
688 2144 714 2190 in
724 2142 1095 2203 me,sicutamorpiqnoris.'lu
1105 2155 1150 2203 per

64 2208 210 2257 nominaret
224 2209 284 2268 Quis
294 2210 389 2258 vetabit
403 2212 595 2260 commendatio·
618 2225 658 2260 me
669 2211 771 2273 putabas
788 2211 853 2271 eripi
873 2213 898 2259 te
914 2211 1032 2271 periculis
1044 2225 1051 2257 a
1063 2211 1090 2258 tu
1106 2222 1150 2259 mo

63 2277 105 2325 nis
122 2279 292 2337 prosecutione
310 2279 454 2339 complectit
469 2282 496 2328 St
512 2282 595 2331 oblitus
618 2294 666 2328 non
678 2282 757 2329 solum
774 2280 801 2327 ut
815 2278 943 2340 parentem
959 2278 1094 2338 diligebas3
1106 2277 1150 2325 sed

65 2347 133 2406 fumo
154 2350 188 2405 te,
208 2351 290 2396 sancta
305 2350 450 2398 Hierusalem
456 2365 465 2411 ς
481 2351 528 2398 hoc
543 2353 593 2411 est,
619 2352 646 2398 ut
656 2351 819 2399 redemtorem
831 2349 881 2408 tui,
894 2349 919 2396 ot
929 2349 1088 2395 liberatorem
1096 2358 1151 2406 spe-

58 2414 150 2462 sancta
162 2415 255 2474 anima,
265 2415 307 2475 pia
318 2416 343 2462 et
353 2417 455 2476 pacifica
471 2419 595 2478 germani·
619 2419 697 2466 rabas.
719 2419 756 2465 Tu
773 2417 872 2464 dicebas
892 2429 898 2462 ε
918 2417 1042 2474 Putasne,
1059 2415 1150 2463 videbo

60 2485 117 2542 aas,
128 2485 275 2534 obliviscatur
284 2498 321 2532 me
331 2487 427 2534 dealem
437 2501 504 2549 mea3
516 2490 596 2537 adlice·
619 2488 714 2548 patrem
724 2485 824 2534 meum?
837 2485 951 2546 Speciosa
962 2485 993 2532 de
1009 2496 1050 2531 me
1062 2485 1151 2532 volun-

65 2554 119 2599 reot
136 2553 280 2613 linquamca
294 2554 401 2612 sandius
418 2558 488 2614 mets,
509 2559 531 2604 si
547 2571 595 2605 non
620 2561 655 2605 tas
666 2555 778 2614 tua‚sed
788 2555 934 2602 nonefdcax
945 2553 1095 2613 praesumtio.
1104 2553 1150 2600 llei
1178 2576 1181 2589 ·

65 2621 194 2668 meminero
202 2622 332 2680 tui‚stnon
344 2625 470 2670 nrerninero
482 2627 596 2674 Hieroso·
619 2624 754 2672 mihivana
775 2635 829 2682 spcs
848 2623 874 2670 in
894 2622 1008 2670 homine!
1026 2622 1068 2668 sed
1086 2621 1151 2668 tuin

65 2691 111 2737 lem
121 2691 147 2736 tn
154 2692 267 2751 principio
278 2693 432 2740 meoeloetittoe.
442 2693 497 2752 lpse
509 2706 549 2741 me
561 2696 596 2742 ci·
620 2692 745 2739 sacerdote
771 2691 902 2738 Dominum
928 2691 1084 2751 requirebas.¹
1103 2689 1151 2737 llei

64 2756 596 2821 tius,quamvosobliviscarzetsiumquam
620 2761 682 2808 mihi
693 2759 757 2820 quod
773 2760 924 2806 voluntatem
940 2759 1009 2805 tuam
1028 2771 1077 2805 non
1094 2759 1152 2806 anate

67 2838 149 2874 sermo
161 2826 266 2884 tacebit,
276 2827 390 2886 loquetur
407 2829 508 2877 affectus
520 2841 526 2874 τ
539 2831 564 2876 et
576 2832 597 2878 si
621 2830 735 2890 cognovit
758 2829 805 2875 llei
823 2828 885 2874 mibi
899 2827 965 2886 quod
974 2839 1024 2873 non
1040 2827 1152 2873 clanculo

67 2893 242 2952 roxdeficiet‚
258 2905 309 2941 uon
325 2895 423 2944 deficiet
440 2897 530 2957 gratia,
542 2911 597 2957 quae
621 2900 677 2946 ante
695 2896 803 2944 misisti!
825 2897 871 2942 llei
895 2895 958 2941 mibi
977 2894 1060 2953 qualia
1079 2892 1150 2940 amisi

64 2963 130 3009 aneis
142 2961 179 3008 est
194 2960 270 3008 infixa
280 2957 429 3020 praecordiis.
621 2964 733 3027 pignora!
756 2966 874 3026 Quomodo
894 2964 1151 3021 neocaesareenses,

97 3031 138 3078 79.
158 3030 282 3088 Quomodo
306 3031 450 3082 ceciderunt
467 3033 598 3093 potentes?
621 3039 643 3084 et
652 3036 770 3096 perierunt
780 3047 850 3080 orma
861 3029 1054 3090 concnpisccnca?

65 3098 193 3159 Quomodo
205 3100 309 3158 uterque
321 3111 394 3160 super
411 3100 454 3149 illa
464 3100 597 3163 Babylonis
651 3102 690 3150 80.
701 3099 817 3156 Domine,
826 3099 884 3158 quia
895 3109 967 3144 nemo
986 3095 1075 3154 babet,
1086 3094 1154 3154 quod

65 3167 212 3216 ceciderunt
217 3167 334 3215 flumina?
341 3170 466 3226 Quomodo
476 3173 597 3232 rapidiora
621 3168 664 3215 alii
675 3169 731 3229 plus
739 3166 833 3213 deferat
841 3199 848 3226 ,
855 3177 929 3224 quam
936 3163 1001 3222 quod
1009 3163 1055 3210 sibi
1065 3162 1149 3233 optat3

68 3235 197 3295 utriusque
215 3236 273 3284 ritae
291 3235 361 3284 fuere
377 3239 512 3299 curricula,
524 3253 597 3300 quam
621 3249 671 3284 non
688 3248 728 3284 me
743 3234 838 3281 abillis
853 3232 1021 3294 postmortem
1038 3229 1151 3290 separes,

68 3304 148 3365 ipsius
162 3304 274 3352 Rhodani
294 3307 351 3354 sunt
373 3307 466 3356 fluenta
478 3307 516 3356 20
534 3310 597 3356 mibi
622 3318 682 3366 quos
702 3305 728 3350 in
743 3304 789 3350 bac
800 3301 851 3351 vna
865 3302 1001 3349 carissimos
1016 3300 1090 3348 sensi.
1103 3303 1152 3348 Do·

67 3373 185 3436 Gratiane
194 3376 219 3421 et
226 3374 397 3424 Valentiniano
411 3377 515 3436 speciosi
524 3380 549 3426 et
559 3391 598 3426 ca·
622 3376 698 3431 mine,
708 3374 760 3433 peto
777 3373 803 3418 nt
818 3370 858 3418 ubi
875 3371 1006 3431 ecrescere,
1022 3371 1068 3419 sint
1081 3372 1103 3416 ct
1116 3368 1152 3417 illf
1249 3404 1250 3407 ,

68 3441 176 3500 nissimi,
187 3454 261 3502 quam
271 3443 371 3502 angusto
380 3445 455 3492 vitam
472 3446 520 3494 fine
531 3447 599 3495 clau·
622 3455 725 3501 mecum,·
738 3440 766 3487 ut
775 3440 817 3488 vel
828 3439 879 3486 illic
888 3451 972 3485 eorum
983 3438 1102 3499 perpetua
1109 3449 1152 3484 co·

66 3507 149 3557 sistis!
158 3521 232 3570 quam
241 3511 353 3572 proxima
359 3513 429 3559 vobis
436 3514 522 3562 mortis
529 3514 599 3562 fuere
623 3512 680 3571 pula
691 3510 772 3567 fruar,
784 3508 842 3568 quia
858 3506 900 3554 bic
911 3508 948 3554 uti
959 3518 1044 3554 eorum
1055 3505 1152 3552 diutur-

71 3577 188 3625 condninl
210 3590 284 3637 quam
304 3581 416 3637 sepulcra
432 3582 526 3628 vicinat
538 3584 598 3629 Gra·
623 3574 1150 3634 nioreconjunctionenonpolui.Tequaeso,

70 3646 598 3708 tiano‚inquam‚etVolentiniane,inves-
624 3659 717 3694 summe
736 3647 817 3704 Deus,
836 3646 865 3692 ut
888 3642 1024 3691 carissimos
1047 3642 1153 3698 juvenes

624 3715 718 3762 matura
728 3712 908 3759 resurrectione
918 3711 1021 3758 suscites
1033 3711 1057 3757 et
1071 3719 1153 3755 resus-

92 3802 600 3856 'Fcrtuncts'cmtotsfqur'dmeccarminepossunt,
625 3783 687 3831 estes
700 3794 707 3827 ²
720 3779 748 3827 Ut
760 3780 917 3828 immaturum
931 3780 997 3827 hunc
1013 3778 1069 3826 Vitoe
1081 3775 1153 3823 mins

107 3861 565 3914 nurnooomqoamniemorromrnnroeoo.
626 3862 725 3968 ειιῑειὲω
735 3848 1153 3903 maturioresuscitationecompen·

404 3934 508 3973 AEneid.tt.
626 3934 672 3970 ses.
705 3933 771 3968 rnen.
