2760 4800
373 392 415 438 DE
430 394 513 440 FlDll
528 397 843 453 nnsunnncrloum,
858 403 959 456 LIBER
973 404 1006 447 ll.
1190 401 1234 450 lil

145 473 223 533 gratis
233 473 345 523 mortuus
359 476 416 540 gest,
433 489 490 537 ergo
504 479 614 526 Christus
631 491 681 526 uon
706 481 767 527 coelo
781 481 884 530 dicens:
901 485 1000 531 Focmm
1015 487 1049 533 est
1059 499 1156 546 requam
1165 486 1239 546 lojm

146 543 266 590 surrexit.
278 542 304 590 Si
316 544 383 591 enim
394 546 467 594 nobis
476 558 525 593 uon
536 548 681 607 resurrexit,
704 551 786 596 ouandi
797 552 842 597 Dei
851 553 939 608 nostri,
949 555 972 599 el
980 553 1066 608 clariola·
1075 556 1138 612 eius,
1148 559 1169 602 el
1182 570 1236 615 req-

146 611 237 671 utique
248 623 298 658 non
309 614 462 671 resurrexit,
474 614 516 674 qui
525 614 572 661 sibi
583 627 627 662 cur
640 627 682 662 re·
705 616 771 664 molit
782 620 807 664 in
823 621 908 667 saecmo
927 621 1075 669 soeculorum·
1093 624 1161 670 'lulla
1179 625 1235 683 qui·

146 680 276 740 surgeret,
291 692 342 728 non
360 682 477 730 habebat.
493 683 639 731 Resurrexit
655 684 682 732 in
706 683 763 731 dem
770 687 795 732 el
806 699 850 746 pro
860 699 921 735 voce
929 689 1064 749 accipitur,
1074 692 1133 751 quia
1141 692 1234 739 haheat
1281 721 1285 725 -

146 747 303 808 eomundus,
314 751 451 799 resurrexit
461 752 487 797 in
496 763 525 798 eo
537 752 682 809 coelum,re-
706 756 823 814 Quoniam
840 770 889 804 ecee
907 759 992 805 ostium
1008 764 1116 819 eposium
1126 763 1152 809 in
1162 763 1234 818 coelo,

146 816 259 864 annexit
269 816 296 863 in
308 829 338 864 eo
349 819 430 877 terra3
443 819 492 866 erit
506 819 573 866 enim
591 821 681 867 coelum
705 825 727 870 et
737 837 785 871 oon
795 826 887 884 primo,
898 839 970 886 quom
981 829 1068 877 onoioit
1083 833 1142 878 sicut
1153 831 1235 879 iubam

145 895 238 932 norum
248 917 256 944 ,
267 886 294 933 et
302 885 369 934 terra
381 899 455 935 nova.
474 888 527 935 Sibi
542 888 626 936 autem
637 889 688 947 ubi¹
705 891 833 951 loquentem
844 907 936 941 mecum
948 898 1108 946 ctdicmtcm‘:
1118 902 1235 951 Adscendo

145 953 349 1002 eratneeessaria
359 956 607 1017 resurrectio‚quem
615 970 681 1005 mor·
704 959 763 1017 linc,
778 963 928 1010 eloctendom
944 964 986 1011 tior·
1001 978 1053 1024 qaoe
1071 970 1158 1026 oporiet
1172 971 1233 1027 ficri.

144 1019 177 1068 tis
187 1022 291 1070 vincula
301 1035 351 1070 non
362 1022 568 1072 tenebantillarn
580 1025 626 1072 etsi
643 1039 681 1073 se·
704 1028 817 1087 Legimus
838 1029 914 1078 etiam
934 1045 942 1079 a
964 1035 1046 1081 Gemite
1063 1037 1130 1082 initio
1149 1042 1235 1088 mensio

144 1091 256 1146 cundum
276 1093 404 1142 hominem
429 1095 556 1154 mortuus,
574 1095 601 1143 in
620 1095 680 1156 ipsis
704 1095 775 1156 iubo3
787 1096 831 1144 sed
842 1097 988 1146 etiamalilti
1001 1112 1008 1146 ε
1020 1103 1194 1151 Laudato-eum
1209 1108 1237 1153 in

144 1161 230 1209 lamen
240 1162 293 1209 erat
305 1162 373 1220 liber
383 1163 498 1211 infernis.
567 1155 571 1168 ‘
702 1176 760 1210 sono
769 1165 844 1213 »tuom

174 1229 231 1278 10³.
241 1231 353 1279 Visscire
361 1244 436 1292 quam
444 1231 618 1282 liberil'octua
626 1247 679 1282 sum
734 1232 787 1279 loo.
795 1235 856 1292 Ergo
864 1233 923 1294 quid
931 1234 978 1283 sibi
989 1237 1051 1285 velit
1063 1238 1177 1287 tubarum
1185 1241 1234 1302 sig·

143 1300 204 1362 siem
214 1299 284 1348 homo
294 1302 344 1348 sine
360 1301 491 1360 adiutorio,
503 1304 679 1352 intermortuos
702 1300 826 1361 micetio,
835 1301 902 1351 omui
914 1304 1006 1352 virtute
1023 1305 1142 1354 debemus
1149 1308 1235 1356 adrer-

143 1367 213 1416 liber.
222 1369 253 1416 Et
264 1370 328 1416 bene
338 1369 417 1429 liber,
429 1371 507 1430 quise
518 1372 615 1430 poterat
625 1385 679 1419 sus·
703 1368 770 1430 tere3
788 1382 820 1417 ne
832 1371 902 1431 quasi
921 1371 1030 1419 fabulam
1049 1375 1152 1422 aniliter
1168 1377 1233 1424 acci-

144 1436 318 1497 citarepuxta
328 1438 394 1498 quod
405 1439 584 1499 scriptumest:
594 1441 677 1490 solone
701 1437 799 1498 pientes
814 1439 999 1499 periclitemur,
1022 1441 1042 1488 si
1058 1442 1159 1502 indigna
1175 1443 1234 1503 doq-

144 1505 188 1553 noc
198 1507 322 1567 tempium,
340 1511 363 1556 el
372 1509 397 1555 in
409 1510 486 1556 triduo
496 1510 637 1557 resuscitabo
648 1510 678 1558 il·
701 1506 767 1553 male
775 1506 895 1567 spiritali,
906 1519 952 1554 nee
961 1509 1135 1557 convenientia
1150 1509 1234 1570 Scrip-

145 1577 194 1623 lud.
206 1577 236 1624 Et
245 1577 311 1636 liena
323 1577 405 1637 liber,
417 1578 461 1638 qui
471 1579 533 1626 alios
544 1580 677 1628 descende·
700 1578 811 1623 turanum
838 1576 981 1625 eminentiae
1003 1577 1148 1626 sentiamus.
1174 1580 1233 1626 Nam

144 1644 183 1691 rat
193 1645 359 1703 redemturus.
374 1648 461 1695 Factus
472 1647 509 1695 est
517 1648 601 1696 autem
613 1648 678 1696 sicut
701 1657 758 1691 eum
769 1645 902 1704 legerimus
919 1645 1013 1693 bellum
1027 1645 1101 1693 nobis
1116 1659 1169 1694 esse
1182 1659 1232 1695 non

145 1712 235 1772 homo,
245 1725 296 1762 non
308 1715 393 1774 specie
404 1716 504 1775 utique,
516 1715 560 1763 sed
571 1717 677 1764 veritate
701 1711 818 1760 adversus
843 1725 942 1761 carnem
965 1714 990 1762 et
1009 1714 1169 1774 sanguinem,
1189 1716 1234 1763 sed

145 1780 279 1842 formatum
297 1783 355 1843 quia
376 1783 403 1832 et
423 1784 497 1831 homo
516 1783 567 1843 est,
584 1784 610 1831 et
621 1785 677 1844 quis
701 1781 817 1830 adversus
834 1783 955 1842 spiritalia
965 1784 1098 1844 nequitias,
1110 1797 1165 1844 qua
1176 1790 1233 1832 sunt

145 1851 355 1910 cognosceteumi
364 1853 460 1899 Etenim
470 1853 678 1901 imsimilitudinem
701 1849 727 1896 iu
738 1851 946 1909 coelestibus3nou
956 1853 1063 1899 carnalia
1072 1853 1233 1912 utique-arma

144 1920 268 1968 hominnm
289 1922 378 1980 socias,
399 1924 422 1969 et
438 1923 510 1981 specio
533 1923 637 1970 loomim
651 1925 678 1970 al
701 1920 744 1967 sed
755 1919 828 1968 fortia
839 1921 892 1968 Deo
901 1921 1022 1968 aestimare
1038 1921 1167 1970 debemus.
1179 1925 1231 1969 Non

144 1989 230 2046 immo,
248 1989 379 2038 lumiliooit
398 1992 469 2038 semet
490 1991 565 2049 ipsum
573 2021 582 2047 ,
602 1989 677 2048 socias
701 1986 768 2033 enim
779 1988 838 2035 satis
848 1988 887 2034 est
896 1986 979 2034 tubam
992 1988 1016 2034 te
1025 1987 1126 2047 uidere,
1135 2001 1181 2036 nec
1192 2003 1232 2037 so-

144 2058 253 2106 obediens
266 2072 337 2119 usque
348 2061 379 2106 oo
392 2060 506 2118 mortem3
517 2059 544 2106 ut
553 2070 598 2118 per
608 2058 677 2106 illam
701 2066 762 2101 num
769 2055 824 2114 ejus
834 2055 935 2115 audire,
943 2055 991 2103 nisi
1002 2055 1180 2115 proprietatem
1191 2070 1230 2104 ao-

144 2126 677 2187 scilicetobedientiamejusqloriamride·
701 2123 769 2171 nitus
789 2124 923 2183 intelligas.
946 2124 1043 2171 Etenim
1068 2124 1089 2170 si
1111 2123 1231 2172 incertam

143 2207 242 2254 remus,
261 2195 360 2255 plocium
373 2197 440 2255 quasi
450 2196 562 2256 aniqenili
574 2209 589 2242 o
604 2197 677 2242 Poto-e
700 2203 786 2238 vocem
799 2192 843 2240 oet
852 2193 926 2250 tuba,
939 2193 1058 2252 quomodo
1066 2193 1123 2252 quis
1134 2193 1230 2251 parabit

144 2263 281 2310 secundum
288 2263 425 2309 iohannem
433 2262 553 2309 sanctum.
562 2261 599 2309 lta
608 2259 676 2309 enirn
700 2273 727 2307 se
735 2260 766 2307 ad
777 2259 888 2307 bellum?
899 2261 971 2308 Unde
984 2262 1079 2320 oportet
1087 2260 1153 2308 vocis
1164 2261 1230 2309 iubar
1264 2316 1267 2323 λ

144 2331 278 2392 scripturae
288 2331 364 2392 ligura
375 2331 500 2391 servatur,
513 2332 541 2378 ut
552 2331 578 2378 et
587 2330 676 2388 unige·
699 2341 743 2376 nos
759 2330 822 2377 seire
838 2330 971 2389 virtutem,
985 2342 1017 2377 ne
1031 2329 1162 2377 videamur
1173 2330 1230 2377 bar-

144 2399 195 2446 niti
210 2399 300 2458 gloria,
312 2399 337 2447 et
347 2398 451 2458 perlecti
461 2397 569 2446 hominis
585 2398 676 2445 natura
700 2398 768 2456 bari,
780 2411 837 2445 cum
854 2398 926 2446 tubas
944 2397 1086 2457 hujusmodi
1102 2399 1145 2445 aut
1162 2398 1233 2446 audi·

144 2466 260 2514 servetur
273 2467 414 2515 inebriato.
625 2506 627 2510 .
700 2477 769 2526 mus,
784 2466 827 2514 aut
847 2466 970 2527 loquimur
980 2465 998 2512 *.
1010 2466 1040 2512 ut
1058 2465 1115 2512 ideo
1126 2479 1182 2513 cum
1197 2467 1234 2514 lo·

176 2535 231 2583 loli.
243 2536 328 2596 ltaque
344 2536 456 2592 adjutore
472 2548 522 2584 non
534 2536 602 2595 eguit
613 2549 620 2583 τ
631 2548 677 2583 ne-
700 2535 813 2593 quimm,
831 2547 930 2583 oremus
940 2535 968 2583 ut
983 2546 1025 2582 ens
1038 2534 1110 2581 nobis
1124 2533 1230 2594 Spiritus

144 2617 194 2664 que
207 2605 273 2652 enim
282 2605 363 2665 eguit,
374 2618 430 2653 cum
439 2605 531 2653 laceret
541 2605 676 2663 mundum3
700 2603 797 2650 sanetus
804 2603 990 2662 interpretetur.

143 2672 173 2720 ut
183 2675 283 2733 egeret,
292 2686 348 2721 eum
354 2675 497 2721 redimeret.
510 2674 676 2731 Nonlegatus‚
732 2670 785 2717 lon.
798 2670 963 2730 Requirarnus
974 2670 1051 2729 igitur
1061 2671 1087 2718 in
1098 2672 1232 2732 Scripturls

143 2755 193 2790 non
205 2744 320 2802 nuntius,
331 2743 375 2790 secl
389 2742 443 2802 ipse
453 2744 571 2790 Dominus
583 2744 678 2791 saluum
701 2737 829 2785 veteribus
841 2738 943 2797 quidde
960 2739 1074 2785 tubarum
1086 2752 1177 2798 genere
1195 2743 1232 2788 le-

144 2811 205 2861 lecit
214 2825 291 2859 eum:
304 2816 354 2872 lpse
362 2813 435 2868 dixit,
446 2815 468 2859 et
476 2812 540 2871 focio
550 2816 612 2860 snut.
624 2813 677 2871 lpse
701 2806 822 2866 gerimus,
841 2807 1023 2853 consentientes
1034 2818 1075 2854 eas
1091 2810 1233 2856 solemnita-

114 2916 119 2925 .
144 2880 366 2928 Dominussalrum
372 2878 432 2926 iecit
438 2891 509 2926 eum:
517 2880 608 2940 ubique
614 2881 678 2939 ipse,
701 2876 753 2934 tes,
764 2888 819 2935 quae
829 2875 919 2922 ludaels
930 2876 995 2934 Lege
1006 2876 1154 2934 praescriptae
1166 2878 1235 2936 sunt,

144 2950 203 3010 quia
213 2961 260 3010 per
271 2949 351 3008 ipsurn
365 2948 456 2996 omnia.
467 2949 528 3007 Quis
538 2949 621 2996 autem
635 2950 678 2996 au.
702 2943 855 3000 superiorum
867 2954 920 2990 esse
928 2943 1040 2989 umbram
1051 2943 1232 3004 celebritatum,

144 3020 246 3076 juvaret
257 3031 315 3066 eum
320 3053 329 3079 ‚
340 3018 367 3066 in
377 3029 425 3078 quo
438 3017 520 3065 creata
531 3016 588 3065 gunt
596 3016 678 3065 omnia
701 3009 889 3070 coelestiumque
901 3010 1030 3057 festorum.
1042 3009 1087 3056 llic
1098 3010 1165 3057 enim
1176 3024 1234 3058 uma

146 3086 172 3136 et
182 3088 269 3136 omnia
284 3086 376 3148 inipso
392 3086 521 3135 constant?
537 3087 598 3145 Quis
607 3085 678 3143 alliu·
701 3079 760 3137 bra,
771 3079 823 3126 illic
835 3079 937 3127 veritas.
948 3080 994 3125 Per
1004 3079 1116 3126 umbram
1127 3079 1158 3126 ad
1171 3080 1235 3127 veri·

145 3159 217 3206 naret
227 3159 365 3218 eum‚quia
376 3157 458 3205 omnia
470 3157 498 3203 iu
509 3155 632 3204 momento
641 3157 678 3202 la·
701 3150 777 3196 tatem
791 3149 922 3210 pervenire
942 3150 1060 3198 nitamur.
1072 3149 1146 3207 Cuius
1156 3149 1233 3209 ligura

147 3226 195 3283 eit,
206 3225 233 3273 ei
243 3226 270 3272 iu
284 3227 418 3275 nouissima
428 3226 488 3272 tulna
503 3225 612 3272 mortuos
623 3238 677 3272 sus-
702 3218 777 3265 etiam
787 3217 847 3264 alibi
859 3230 976 3277 expressa
985 3218 1023 3266 est
1033 3218 1079 3265 hoc
1090 3218 1177 3276 modo;
1189 3218 1234 3264 lla«
1310 3251 1312 3255 -
1368 3249 1374 3253 -

146 3293 223 3341 citat?
232 3295 283 3342 Non
293 3295 351 3355 quia
359 3296 402 3342 aut
412 3295 507 3354 prima,
517 3294 561 3341 aut
570 3293 677 3340 secunda
701 3287 745 3334 bes
755 3286 822 3334 enlm
833 3287 890 3347 quia
901 3287 1019 3348 loquutus
1030 3286 1067 3333 est
1077 3286 1196 3333 Dominus
1201 3287 1232 3334 ael

145 3361 292 3420 nonpossit,
309 3363 351 3409 aut
362 3363 436 3410 tertia
448 3375 455 3406 ε
467 3361 512 3410 sed
521 3360 580 3408 ordo
596 3373 678 3409 serva·
701 3357 800 3429 Μθῖὃῆῐὶ
818 3368 825 3402 ²
844 3357 949 3415 milwe
960 3357 1014 3414 filiii
1031 3356 1118 3412 limi,
1136 3356 1232 3402 dmm?

146 3435 197 3489 tur,
212 3441 261 3477 nou
275 3429 676 3490 quodiilicultasserovineenda,
701 3426 776 3473 llcmc
793 3426 903 3484 septimo,
922 3436 972 3471 uno
989 3425 1088 3480 mensia,
1106 3425 1151 3470 crit
1168 3423 1234 3470 volis·

146 3499 191 3546 secl
201 3498 326 3557 legitimus
336 3511 454 3546 numerus
462 3498 624 3558 explicandus
635 3500 676 3548 sit.
700 3495 789 3553 requies
810 3495 835 3540 in
853 3493 988 3545 memoriale
1009 3492 1133 3548 iubarum,
1149 3494 1233 3538 ”⁰⁶01ss

177 3568 232 3618 105.
242 3569 349 3627 Tempus
357 3569 455 3626 autem,
465 3568 584 3626 arbitror,
595 3567 625 3614 de
636 3567 678 3615 tu·
700 3565 782 3608 concio
798 3562 842 3608 coit
857 3561 930 3609 vobis.
941 3561 1014 3608 Omne
1025 3573 1081 3621 opus
1095 3560 1175 3607 ecroile
1185 3571 1233 3606 nors

146 3638 234 3685 barum
252 3637 334 3696 specie
349 3637 447 3694 (licere,
462 3636 579 3696 quioniam
596 3648 677 3684 sermo
701 3630 803 3686 societis,
821 3631 843 3676 ct
860 3630 986 3677 accendetis
1006 3628 1166 3676 holocaustum
1182 3630 1234 3674 Do-

146 3705 295 3765 propinqunt
309 3705 340 3751 ad
350 3706 439 3764 linem3
450 3707 478 3753 ut
489 3705 568 3752 nostri
578 3717 676 3764 quoque
700 3698 773 3743 mino.
785 3698 814 3743 ln
831 3697 944 3743 ilumeris
955 3695 1038 3742 autem
1049 3706 1056 3740 ε
1067 3696 1189 3754 Loquetur
1199 3696 1233 3742 est

146 3773 331 3822 consummandi
342 3775 434 3834 eloquii
450 3774 510 3821 tuba
524 3773 556 3821 sit
568 3773 675 3832 signum,
700 3767 814 3812 Doriu'nus
834 3766 864 3810 ool
877 3765 986 3822 Moysen,
1004 3764 1081 3811 dicem
1098 3777 1106 3809 r
1126 3765 1174 3809 Fae
1185 3763 1236 3810 libi

146 3843 323 3902 Septcmtubas
333 3842 437 3902 legimus
445 3844 471 3890 in
478 3843 623 3904 Apocalypsi
634 3845 677 3890 Jo-
700 3834 758 3882 duat
769 3834 836 3882 iubat
843 3834 951 3889 duillios,
963 3835 1085 3892 “tillim
1095 3833 1166 3890 fallet
1176 3844 1232 3887 ⁶12³·

147 3912 251 3972 innuis,
262 3923 322 3971 quas
341 3913 437 3970 septem
456 3924 565 3959 sumsere
576 3912 672 3971 Angeli.
701 3905 722 3950 el
732 3905 800 3950 erunt
811 3902 859 3950 ¹libi
874 3904 905 3949 all
915 3903 1055 3950 evocandam
1072 3910 1232 3957 eynoqoqom,

146 3981 193 4026 Ubi
215 3980 292 4027 habes
309 3980 425 4041 mmm
442 3980 560 4038 septimus
571 3981 676 4039 Angelus
722 4006 1054 4047 ‘Tubaltomuniurebaniurln
1064 4001 1232 4047 mililia,quem·

147 4049 321 4108 tubaeecinit,
333 4050 359 4096 et
370 4048 433 4094 iacta
442 4048 479 4095 cst
488 4059 535 4095 ror
548 4060 633 4106 magna
645 4049 675 4096 dc
701 4061 820 4098 armorum
831 4059 936 4108 tympanis
943 4067 966 4096 ac
978 4052 1133 4094 unumunurn.
