<?xml version="1.0" encoding="UTF-8"?>
<!DOCTYPE html PUBLIC "-//W3C//DTD XHTML 1.0 Transitional//EN"
    "http://www.w3.org/TR/xhtml1/DTD/xhtml1-transitional.dtd">
<html xmlns="http://www.w3.org/1999/xhtml" xml:lang="en" lang="en">
 <head>
  <title>
</title>
<meta http-equiv="Content-Type" content="text/html;charset=utf-8" />
  <meta name='ocr-system' content='tesseract 3.04.00' />
  <meta name='ocr-capabilities' content='ocr_page ocr_carea ocr_par ocr_line ocrx_word'/>
</head>
<body>
  <div class='ocr_page' id='page_1' title='image "./operaomnia03ambrgoog/operaomnia03ambrgoog_0280.png"; bbox 0 0 2760 4800; ppageno 0'>
   <div class='ocr_carea' id='block_1_1' title="bbox 465 395 1222 452">
    <p class='ocr_par' dir='ltr' id='par_1_1' title="bbox 465 395 1222 452">
     <span class='ocr_line' id='line_1_1' title="bbox 465 395 1222 452; baseline -0.011 0"><span class='ocrx_word' id='word_1_1' title='bbox 465 401 709 452; x_wconf 71' lang='lat' dir='ltr'><strong>eelsnotnnun</strong></span> <span class='ocrx_word' id='word_1_2' title='bbox 723 399 862 448; x_wconf 64' lang='lat' dir='ltr'><strong>CerSSlS</strong></span> <span class='ocrx_word' id='word_1_3' title='bbox 877 401 895 446; x_wconf 90' lang='lat' dir='ltr'><strong>l.</strong></span> <span class='ocrx_word' id='word_1_4' title='bbox 1179 395 1222 445; x_wconf 71' lang='lat'><strong>28!</strong></span> 
     </span>
    </p>
   </div>
   <div class='ocr_carea' id='block_1_2' title="bbox 136 476 1292 3888">
    <p class='ocr_par' dir='ltr' id='par_1_2' title="bbox 136 476 1292 3888">
     <span class='ocr_line' id='line_1_2' title="bbox 144 476 1227 550; baseline -0.013 -10"><span class='ocrx_word' id='word_1_5' title='bbox 144 485 283 550; x_wconf 78' lang='lat' dir='ltr'><strong>solverem,</strong></span> <span class='ocrx_word' id='word_1_6' title='bbox 304 486 369 550; x_wconf 88' lang='lat' dir='ltr'><strong>quod</strong></span> <span class='ocrx_word' id='word_1_7' title='bbox 388 487 433 536; x_wconf 80' lang='lat' dir='ltr'><strong>rix</strong></span> <span class='ocrx_word' id='word_1_8' title='bbox 449 499 577 548; x_wconf 90' lang='lat' dir='ltr'><strong>possumus</strong></span> <span class='ocrx_word' id='word_1_9' title='bbox 594 485 676 534; x_wconf 90' lang='lat' dir='ltr'><strong>animo</strong></span> <span class='ocrx_word' id='word_1_10' title='bbox 700 476 1227 549; x_wconf 78' lang='lat' dir='ltr'><strong>terroiltespexitsanetrumilialieus,qni</strong></span> 
     </span>
     <span class='ocr_line' id='line_1_3' title="bbox 145 548 1228 617; baseline -0.012 -10"><span class='ocrx_word' id='word_1_11' title='bbox 145 559 292 617; x_wconf 72' lang='lat' dir='ltr'><strong>intendere,</strong></span> <span class='ocrx_word' id='word_1_12' title='bbox 302 554 382 604; x_wconf 85' lang='lat' dir='ltr'><strong>oeulis</strong></span> <span class='ocrx_word' id='word_1_13' title='bbox 393 554 610 615; x_wconf 82' lang='lat' dir='ltr'><strong>comprehendere.</strong></span> <span class='ocrx_word' id='word_1_14' title='bbox 628 552 677 599; x_wconf 88' lang='lat' dir='ltr'><strong>Sed</strong></span> <span class='ocrx_word' id='word_1_15' title='bbox 700 554 804 600; x_wconf 91' lang='lat' dir='ltr'><strong>latentes</strong></span> <span class='ocrx_word' id='word_1_16' title='bbox 818 553 863 600; x_wconf 91' lang='lat' dir='ltr'><strong>sub</strong></span> <span class='ocrx_word' id='word_1_17' title='bbox 880 548 984 610; x_wconf 75' lang='lat' dir='ltr'>ignobili</span> <span class='ocrx_word' id='word_1_18' title='bbox 1000 548 1094 609; x_wconf 78' lang='lat' dir='ltr'><strong>cespite</strong></span> <span class='ocrx_word' id='word_1_19' title='bbox 1109 549 1228 608; x_wconf 82' lang='lat' dir='ltr'>reliquias</span> 
     </span>
     <span class='ocr_line' id='line_1_4' title="bbox 144 616 1229 684; baseline -0.012 -8"><span class='ocrx_word' id='word_1_20' title='bbox 144 629 190 676; x_wconf 91' lang='lat' dir='ltr'><strong>ubi</strong></span> <span class='ocrx_word' id='word_1_21' title='bbox 198 626 337 674; x_wconf 88' lang='lat' dir='ltr'><strong>sanctarum</strong></span> <span class='ocrx_word' id='word_1_22' title='bbox 347 623 396 684; x_wconf 76' lang='lat' dir='ltr'><strong>legi</strong></span> <span class='ocrx_word' id='word_1_23' title='bbox 406 623 480 684; x_wconf 88' lang='lat' dir='ltr'><strong>eoepit</strong></span> <span class='ocrx_word' id='word_1_24' title='bbox 487 623 563 670; x_wconf 88' lang='lat' dir='ltr'><strong>series</strong></span> <span class='ocrx_word' id='word_1_25' title='bbox 571 621 676 681; x_wconf 87' lang='lat' dir='ltr'><strong>scriptu·</strong></span> <span class='ocrx_word' id='word_1_26' title='bbox 700 622 839 668; x_wconf 87' lang='lat' dir='ltr'><strong>sanetorum</strong></span> <span class='ocrx_word' id='word_1_27' title='bbox 851 620 987 679; x_wconf 88' lang='lat' dir='ltr'><strong>martyrum</strong></span> <span class='ocrx_word' id='word_1_28' title='bbox 1002 630 1052 665; x_wconf 77' lang='lat' dir='ltr'><strong>suar</strong></span> <span class='ocrx_word' id='word_1_29' title='bbox 1063 616 1177 664; x_wconf 81' lang='lat' dir='ltr'><strong>Ecclesiae</strong></span> <span class='ocrx_word' id='word_1_30' title='bbox 1186 628 1229 664; x_wconf 86' lang='lat' dir='ltr'><strong>re-</strong></span> 
     </span>
     <span class='ocr_line' id='line_1_5' title="bbox 144 684 1229 756; baseline -0.011 -12"><span class='ocrx_word' id='word_1_31' title='bbox 144 692 349 756; x_wconf 76' lang='lat' dir='ltr'><strong>mrum,largitus</strong></span> <span class='ocrx_word' id='word_1_32' title='bbox 357 691 395 742; x_wconf 86' lang='lat' dir='ltr'><strong>est</strong></span> <span class='ocrx_word' id='word_1_33' title='bbox 404 690 509 751; x_wconf 85' lang='lat' dir='ltr'><strong>Spiritus</strong></span> <span class='ocrx_word' id='word_1_34' title='bbox 517 690 623 747; x_wconf 90' lang='lat' dir='ltr'><strong>sanctus,</strong></span> <span class='ocrx_word' id='word_1_35' title='bbox 632 688 676 748; x_wconf 93' lang='lat' dir='ltr'><strong>qui</strong></span> <span class='ocrx_word' id='word_1_36' title='bbox 700 689 920 749; x_wconf 81' lang='lat' dir='ltr'><strong>velavit,quorum</strong></span> <span class='ocrx_word' id='word_1_37' title='bbox 928 684 1229 744; x_wconf 83' lang='lat' dir='ltr'><strong>animaincoelo,rorpus</strong></span> 
     </span>
     <span class='ocr_line' id='line_1_6' title="bbox 143 753 1228 824; baseline -0.012 -13"><span class='ocrx_word' id='word_1_38' title='bbox 143 764 262 824; x_wconf 81' lang='lat' dir='ltr'><strong>loquutus</strong></span> <span class='ocrx_word' id='word_1_39' title='bbox 273 761 310 810; x_wconf 92' lang='lat' dir='ltr'><strong>est</strong></span> <span class='ocrx_word' id='word_1_40' title='bbox 320 761 346 808; x_wconf 93' lang='lat' dir='ltr'><strong>in</strong></span> <span class='ocrx_word' id='word_1_41' title='bbox 355 761 498 822; x_wconf 85' lang='lat' dir='ltr'><strong>prophetis,</strong></span> <span class='ocrx_word' id='word_1_42' title='bbox 512 771 561 820; x_wconf 91' lang='lat' dir='ltr'><strong>quo</strong></span> <span class='ocrx_word' id='word_1_43' title='bbox 576 758 676 816; x_wconf 75' lang='lat' dir='ltr'><strong>dignum</strong></span> <span class='ocrx_word' id='word_1_44' title='bbox 701 757 727 804; x_wconf 95' lang='lat' dir='ltr'><strong>in</strong></span> <span class='ocrx_word' id='word_1_45' title='bbox 744 757 811 804; x_wconf 87' lang='lat' dir='ltr'><strong>terra</strong></span> <span class='ocrx_word' id='word_1_46' title='bbox 823 770 829 803; x_wconf 76' lang='grc' dir='ltr'><strong><em>ε</em></strong></span> <span class='ocrx_word' id='word_1_47' title='bbox 843 758 963 804; x_wconf 81' lang='lat' dir='ltr'><strong>Sescitorrs</strong></span> <span class='ocrx_word' id='word_1_48' title='bbox 978 768 995 801; x_wconf 87' lang='lat' dir='ltr'><strong>o</strong></span> <span class='ocrx_word' id='word_1_49' title='bbox 1010 757 1074 801; x_wconf 83' lang='lat' dir='ltr'><strong>terro</strong></span> <span class='ocrx_word' id='word_1_50' title='bbox 1088 753 1195 813; x_wconf 80' lang='lat' dir='ltr'><strong>inopem,</strong></span> <span class='ocrx_word' id='word_1_51' title='bbox 1206 754 1228 799; x_wconf 90' lang='lat' dir='ltr'><strong>et</strong></span> 
     </span>
     <span class='ocr_line' id='line_1_7' title="bbox 143 817 1230 900; baseline -0.015 -20"><span class='ocrx_word' id='word_1_52' title='bbox 143 833 240 900; x_wconf 84' lang='lat' dir='ltr'><strong>aliquid</strong></span> <span class='ocrx_word' id='word_1_53' title='bbox 246 833 313 880; x_wconf 89' lang='lat' dir='ltr'><strong>tanto</strong></span> <span class='ocrx_word' id='word_1_54' title='bbox 322 831 387 877; x_wconf 87' lang='lat' dir='ltr'><strong>coetu</strong></span> <span class='ocrx_word' id='word_1_55' title='bbox 396 830 422 877; x_wconf 91' lang='lat' dir='ltr'><strong>et</strong></span> <span class='ocrx_word' id='word_1_56' title='bbox 430 829 613 888; x_wconf 86' lang='lat' dir='ltr'><strong>exspectatione</strong></span> <span class='ocrx_word' id='word_1_57' title='bbox 621 840 677 874; x_wconf 85' lang='lat' dir='ltr'><strong>ves·</strong></span> <span class='ocrx_word' id='word_1_58' title='bbox 702 828 728 872; x_wconf 90' lang='lat' dir='ltr'><strong>de</strong></span> <span class='ocrx_word' id='word_1_59' title='bbox 743 828 843 872; x_wconf 75' lang='lat' dir='ltr'><strong>stercore</strong></span> <span class='ocrx_word' id='word_1_60' title='bbox 857 826 946 883; x_wconf 74' lang='lat' dir='ltr'><strong>eriperes</strong></span> <span class='ocrx_word' id='word_1_61' title='bbox 963 834 1103 882; x_wconf 61' lang='lat' dir='ltr'><strong>pauperem</strong></span> <span class='ocrx_word' id='word_1_62' title='bbox 1114 831 1175 880; x_wconf 89' lang='lat' dir='ltr'><strong>quos</strong></span> <span class='ocrx_word' id='word_1_63' title='bbox 1190 817 1230 865; x_wconf 87' lang='lat' dir='ltr'><strong>vi·</strong></span> 
     </span>
     <span class='ocr_line' id='line_1_8' title="bbox 143 886 1229 962; baseline -0.014 -14"><span class='ocrx_word' id='word_1_64' title='bbox 143 901 197 962; x_wconf 87' lang='lat' dir='ltr'><strong>tra,</strong></span> <span class='ocrx_word' id='word_1_65' title='bbox 216 901 402 961; x_wconf 71' lang='lat' dir='ltr'><strong>martyrumque</strong></span> <span class='ocrx_word' id='word_1_66' title='bbox 422 898 561 945; x_wconf 88' lang='lat' dir='ltr'><strong>sanctornm</strong></span> <span class='ocrx_word' id='word_1_67' title='bbox 577 889 677 944; x_wconf 85' lang='lat' dir='ltr'><strong>¹meritis</strong></span> <span class='ocrx_word' id='word_1_68' title='bbox 701 894 765 940; x_wconf 87' lang='lat' dir='ltr'><strong>detis</strong></span> <span class='ocrx_word' id='word_1_69' title='bbox 776 893 805 940; x_wconf 90' lang='lat' dir='ltr'><strong>ut</strong></span> <span class='ocrx_word' id='word_1_70' title='bbox 815 904 857 940; x_wconf 91' lang='lat' dir='ltr'><strong>eos</strong></span> <span class='ocrx_word' id='word_1_71' title='bbox 867 903 923 939; x_wconf 90' lang='lat' dir='ltr'><strong>cum</strong></span> <span class='ocrx_word' id='word_1_72' title='bbox 933 889 1086 951; x_wconf 89' lang='lat' dir='ltr'><strong>principibus</strong></span> <span class='ocrx_word' id='word_1_73' title='bbox 1096 886 1181 948; x_wconf 93' lang='lat' dir='ltr'><strong>populi</strong></span> <span class='ocrx_word' id='word_1_74' title='bbox 1190 886 1229 934; x_wconf 88' lang='lat' dir='ltr'><strong>sui</strong></span> 
     </span>
     <span class='ocr_line' id='line_1_9' title="bbox 144 954 1230 1041; baseline -0.015 -23"><span class='ocrx_word' id='word_1_75' title='bbox 144 969 306 1041; x_wconf 86' lang='lat' dir='ltr'><strong>proteramus.</strong></span> <span class='ocrx_word' id='word_1_76' title='bbox 702 961 836 1010; x_wconf 88' lang='lat' dir='ltr'><strong>collocarit.</strong></span> <span class='ocrx_word' id='word_1_77' title='bbox 847 959 976 1019; x_wconf 85' lang='lat' dir='ltr'><strong>Principes</strong></span> <span class='ocrx_word' id='word_1_78' title='bbox 993 957 1080 1018; x_wconf 87' lang='lat' dir='ltr'><strong>populi</strong></span> <span class='ocrx_word' id='word_1_79' title='bbox 1098 968 1158 1017; x_wconf 91' lang='lat' dir='ltr'><strong>quos</strong></span> <span class='ocrx_word' id='word_1_80' title='bbox 1169 954 1230 1021; x_wconf 79' lang='lat' dir='ltr'><strong>alios</strong></span> 
     </span>
     <span class='ocr_line' id='line_1_10' title="bbox 174 1023 1231 1097; baseline -0.017 -9"><span class='ocrx_word' id='word_1_81' title='bbox 174 1038 292 1096; x_wconf 59' lang='lat' dir='ltr'><strong>escen,</strong></span> <span class='ocrx_word' id='word_1_82' title='bbox 298 1037 387 1097; x_wconf 87' lang='lat' dir='ltr'><strong>inquit,</strong></span> <span class='ocrx_word' id='word_1_83' title='bbox 395 1037 510 1085; x_wconf 76' lang='lat' dir='ltr'><strong>enarraret</strong></span> <span class='ocrx_word' id='word_1_84' title='bbox 517 1035 616 1096; x_wconf 79' lang='lat' dir='ltr'><strong>plortom</strong></span> <span class='ocrx_word' id='word_1_85' title='bbox 623 1037 675 1082; x_wconf 84' lang='lat' dir='ltr'><strong>Dei.</strong></span> <span class='ocrx_word' id='word_1_86' title='bbox 701 1031 749 1077; x_wconf 90' lang='lat' dir='ltr'><strong>nisi</strong></span> <span class='ocrx_word' id='word_1_87' title='bbox 765 1029 861 1077; x_wconf 85' lang='lat' dir='ltr'><strong>sanctos</strong></span> <span class='ocrx_word' id='word_1_88' title='bbox 880 1025 1139 1087; x_wconf 84' lang='lat' dir='ltr'><strong>martyresaestimare</strong></span> <span class='ocrx_word' id='word_1_89' title='bbox 1156 1023 1231 1071; x_wconf 92' lang='lat' dir='ltr'><strong>debe·</strong></span> 
     </span>
     <span class='ocr_line' id='line_1_11' title="bbox 143 1092 1230 1164; baseline -0.013 -11"><span class='ocrx_word' id='word_1_90' title='bbox 143 1106 205 1154; x_wconf 80' lang='lat' dir='ltr'><strong>cum</strong></span> <span class='ocrx_word' id='word_1_91' title='bbox 214 1104 307 1164; x_wconf 68' lang='lat' dir='ltr'><strong>repen</strong></span> <span class='ocrx_word' id='word_1_92' title='bbox 315 1105 356 1151; x_wconf 86' lang='lat' dir='ltr'><strong>bie</strong></span> <span class='ocrx_word' id='word_1_93' title='bbox 364 1104 484 1163; x_wconf 89' lang='lat' dir='ltr'><strong>psalmus,</strong></span> <span class='ocrx_word' id='word_1_94' title='bbox 496 1101 603 1148; x_wconf 88' lang='lat' dir='ltr'><strong>occurrit</strong></span> <span class='ocrx_word' id='word_1_95' title='bbox 612 1101 678 1160; x_wconf 91' lang='lat' dir='ltr'><strong>quod</strong></span> <span class='ocrx_word' id='word_1_96' title='bbox 701 1097 939 1157; x_wconf 87' lang='lat' dir='ltr'><strong>mus,qnorumjam</strong></span> <span class='ocrx_word' id='word_1_97' title='bbox 948 1095 1113 1142; x_wconf 90' lang='lat' dir='ltr'><strong>innumerum</strong></span> <span class='ocrx_word' id='word_1_98' title='bbox 1122 1092 1230 1140; x_wconf 88' lang='lat' dir='ltr'><strong>diuante</strong></span> 
     </span>
     <span class='ocr_line' id='line_1_12' title="bbox 143 1159 1231 1228; baseline -0.013 -8"><span class='ocrx_word' id='word_1_99' title='bbox 143 1173 265 1223; x_wconf 89' lang='lat' dir='ltr'><strong>nontam</strong></span> <span class='ocrx_word' id='word_1_100' title='bbox 287 1171 410 1218; x_wconf 87' lang='lat' dir='ltr'><strong>elementa</strong></span> <span class='ocrx_word' id='word_1_101' title='bbox 429 1168 584 1227; x_wconf 89' lang='lat' dir='ltr'><strong>materialia,</strong></span> <span class='ocrx_word' id='word_1_102' title='bbox 604 1179 677 1228; x_wconf 90' lang='lat' dir='ltr'><strong>quam</strong></span> <span class='ocrx_word' id='word_1_103' title='bbox 702 1165 807 1224; x_wconf 80' lang='lat' dir='ltr'><strong>ignorati</strong></span> <span class='ocrx_word' id='word_1_104' title='bbox 820 1163 942 1211; x_wconf 84' lang='lat' dir='ltr'><strong>Protasius</strong></span> <span class='ocrx_word' id='word_1_105' title='bbox 953 1161 1132 1220; x_wconf 81' lang='lat' dir='ltr'><strong>Geryasiusque</strong></span> <span class='ocrx_word' id='word_1_106' title='bbox 1144 1159 1231 1219; x_wconf 80' lang='lat' dir='ltr'><strong>praete·</strong></span> 
     </span>
     <span class='ocr_line' id='line_1_13' title="bbox 144 1228 1233 1296; baseline -0.012 -8"><span class='ocrx_word' id='word_1_107' title='bbox 144 1239 258 1293; x_wconf 83' lang='lat' dir='ltr'><strong>coelestia</strong></span> <span class='ocrx_word' id='word_1_108' title='bbox 268 1237 356 1285; x_wconf 89' lang='lat' dir='ltr'><strong>merita</strong></span> <span class='ocrx_word' id='word_1_109' title='bbox 364 1236 465 1296; x_wconf 79' lang='lat' dir='ltr'><strong>dignum</strong></span> <span class='ocrx_word' id='word_1_110' title='bbox 472 1233 677 1296; x_wconf 88' lang='lat' dir='ltr'><strong>Deopraeconium</strong></span> <span class='ocrx_word' id='word_1_111' title='bbox 701 1232 804 1291; x_wconf 80' lang='lat' dir='ltr'><strong>cuntur,</strong></span> <span class='ocrx_word' id='word_1_112' title='bbox 814 1232 857 1292; x_wconf 92' lang='lat' dir='ltr'><strong>qui</strong></span> <span class='ocrx_word' id='word_1_113' title='bbox 868 1231 979 1279; x_wconf 88' lang='lat' dir='ltr'><strong>sterilem</strong></span> <span class='ocrx_word' id='word_1_114' title='bbox 990 1228 1138 1289; x_wconf 80' lang='lat' dir='ltr'><strong>martyribus</strong></span> <span class='ocrx_word' id='word_1_115' title='bbox 1146 1228 1233 1275; x_wconf 82' lang='lat' dir='ltr'><strong>Eccle-</strong></span> 
     </span>
     <span class='ocr_line' id='line_1_14' title="bbox 144 1296 1232 1358; baseline -0.009 -4"><span class='ocrx_word' id='word_1_116' title='bbox 144 1306 244 1354; x_wconf 85' lang='lat' dir='ltr'><strong>deterre</strong></span> <span class='ocrx_word' id='word_1_117' title='bbox 251 1305 392 1353; x_wconf 82' lang='lat' dir='ltr'><strong>videantur.</strong></span> <span class='ocrx_word' id='word_1_118' title='bbox 402 1303 526 1352; x_wconf 83' lang='lat' dir='ltr'><strong>Hodierno</strong></span> <span class='ocrx_word' id='word_1_119' title='bbox 535 1303 619 1350; x_wconf 91' lang='lat' dir='ltr'><strong>tamen</strong></span> <span class='ocrx_word' id='word_1_120' title='bbox 630 1302 677 1349; x_wconf 87' lang='lat' dir='ltr'><strong>ior·</strong></span> <span class='ocrx_word' id='word_1_121' title='bbox 702 1302 762 1348; x_wconf 90' lang='lat' dir='ltr'><strong>siam</strong></span> <span class='ocrx_word' id='word_1_122' title='bbox 776 1301 993 1358; x_wconf 84' lang='lat' dir='ltr'><strong>Mediolanensem,</strong></span> <span class='ocrx_word' id='word_1_123' title='bbox 1004 1297 1053 1355; x_wconf 80' lang='lat' dir='ltr'><strong>jam</strong></span> <span class='ocrx_word' id='word_1_124' title='bbox 1070 1296 1232 1356; x_wconf 89' lang='lat' dir='ltr'><strong>plurimomm</strong></span> 
     </span>
     <span class='ocr_line' id='line_1_15' title="bbox 145 1365 1231 1434; baseline -0.008 -13"><span class='ocrx_word' id='word_1_125' title='bbox 145 1368 210 1422; x_wconf 81' lang='lat' dir='ltr'><strong>&#39;tutta</strong></span> <span class='ocrx_word' id='word_1_126' title='bbox 219 1373 328 1421; x_wconf 82' lang='lat' dir='ltr'><strong>lectione</strong></span> <span class='ocrx_word' id='word_1_127' title='bbox 341 1373 423 1434; x_wconf 87' lang='lat' dir='ltr'><strong>patuit</strong></span> <span class='ocrx_word' id='word_1_128' title='bbox 438 1372 482 1432; x_wconf 91' lang='lat' dir='ltr'><strong>qni</strong></span> <span class='ocrx_word' id='word_1_129' title='bbox 493 1369 678 1419; x_wconf 85' lang='lat' dir='ltr'><strong>coelienarrant</strong></span> <span class='ocrx_word' id='word_1_130' title='bbox 701 1370 806 1417; x_wconf 86' lang='lat' dir='ltr'><strong>matrem</strong></span> <span class='ocrx_word' id='word_1_131' title='bbox 822 1369 929 1416; x_wconf 89' lang='lat' dir='ltr'><strong>liliorum</strong></span> <span class='ocrx_word' id='word_1_132' title='bbox 945 1365 1024 1413; x_wconf 71' lang='lat' dir='ltr'><strong>laetari</strong></span> <span class='ocrx_word' id='word_1_133' title='bbox 1039 1365 1159 1425; x_wconf 86' lang='lat' dir='ltr'><strong>passionis</strong></span> <span class='ocrx_word' id='word_1_134' title='bbox 1174 1376 1231 1424; x_wconf 90' lang='lat' dir='ltr'><strong>pro-</strong></span> 
     </span>
     <span class='ocr_line' id='line_1_16' title="bbox 144 1430 1195 1504; baseline -0.009 -15"><span class='ocrx_word' id='word_1_135' title='bbox 144 1433 249 1504; x_wconf 75' lang='lat' dir='ltr'><strong>&#39;yloriam</strong></span> <span class='ocrx_word' id='word_1_136' title='bbox 276 1434 333 1490; x_wconf 84' lang='lat' dir='ltr'><strong>Dei.</strong></span> <span class='ocrx_word' id='word_1_137' title='bbox 360 1441 484 1501; x_wconf 81' lang='lat' dir='ltr'><strong>Adspicite</strong></span> <span class='ocrx_word' id='word_1_138' title='bbox 508 1439 540 1487; x_wconf 91' lang='lat' dir='ltr'><strong>ad</strong></span> <span class='ocrx_word' id='word_1_139' title='bbox 565 1439 677 1487; x_wconf 86' lang='lat' dir='ltr'><strong>dextram</strong></span> <span class='ocrx_word' id='word_1_140' title='bbox 701 1437 761 1498; x_wconf 86' lang='lat' dir='ltr'><strong>priae</strong></span> <span class='ocrx_word' id='word_1_141' title='bbox 773 1436 878 1484; x_wconf 84' lang='lat' dir='ltr'><strong>iecerint</strong></span> <span class='ocrx_word' id='word_1_142' title='bbox 889 1436 915 1484; x_wconf 93' lang='lat' dir='ltr'><strong>et</strong></span> <span class='ocrx_word' id='word_1_143' title='bbox 925 1433 1007 1483; x_wconf 88' lang='lat' dir='ltr'><strong>titulis</strong></span> <span class='ocrx_word' id='word_1_144' title='bbox 1017 1435 1041 1480; x_wconf 93' lang='lat' dir='ltr'><strong>et</strong></span> <span class='ocrx_word' id='word_1_145' title='bbox 1052 1430 1195 1493; x_wconf 74' lang='lat' dir='ltr'><strong>exemptis?</strong></span> 
     </span>
     <span class='ocr_line' id='line_1_17' title="bbox 144 1501 1252 1572; baseline -0.009 -14"><span class='ocrx_word' id='word_1_146' title='bbox 144 1506 245 1570; x_wconf 84' lang='lat' dir='ltr'><strong>meam,</strong></span> <span class='ocrx_word' id='word_1_147' title='bbox 256 1509 376 1570; x_wconf 86' lang='lat' dir='ltr'><strong>adspicite</strong></span> <span class='ocrx_word' id='word_1_148' title='bbox 388 1509 418 1556; x_wconf 90' lang='lat' dir='ltr'><strong>ad</strong></span> <span class='ocrx_word' id='word_1_149' title='bbox 429 1509 553 1557; x_wconf 87' lang='lat' dir='ltr'><strong>sinistram</strong></span> <span class='ocrx_word' id='word_1_150' title='bbox 561 1509 678 1568; x_wconf 87' lang='lat' dir='ltr'><strong>reliquias</strong></span> <span class='ocrx_word' id='word_1_151' title='bbox 732 1505 755 1554; x_wconf 84' lang='grc'><strong>8,</strong></span> <span class='ocrx_word' id='word_1_152' title='bbox 770 1522 784 1548; x_wconf 86' lang='grc'>»</span> <span class='ocrx_word' id='word_1_153' title='bbox 794 1507 842 1552; x_wconf 89' lang='lat' dir='ltr'><strong>Nec</strong></span> <span class='ocrx_word' id='word_1_154' title='bbox 859 1505 905 1552; x_wconf 86' lang='lat' dir='ltr'><strong>hoe</strong></span> <span class='ocrx_word' id='word_1_155' title='bbox 923 1503 1054 1550; x_wconf 90' lang='lat' dir='ltr'><strong>abhorreat</strong></span> <span class='ocrx_word' id='word_1_156' title='bbox 1065 1514 1079 1548; x_wconf 87' lang='lat' dir='ltr'><strong>a</strong></span> <span class='ocrx_word' id='word_1_157' title='bbox 1089 1514 1147 1549; x_wconf 85' lang='lat' dir='ltr'><strong>vera</strong></span> <span class='ocrx_word' id='word_1_158' title='bbox 1163 1501 1231 1549; x_wconf 81' lang='lat' dir='ltr'><strong>fider</strong></span> <span class='ocrx_word' id='word_1_159' title='bbox 1248 1559 1252 1572; x_wconf 67' lang='lat'><strong><em>‚</em></strong></span> 
     </span>
     <span class='ocr_line' id='line_1_18' title="bbox 145 1569 1231 1630; baseline -0.008 -5"><span class='ocrx_word' id='word_1_160' title='bbox 145 1578 327 1626; x_wconf 82' lang='lat' dir='ltr'><strong>sacrosanctas:</strong></span> <span class='ocrx_word' id='word_1_161' title='bbox 337 1577 422 1625; x_wconf 83' lang='lat' dir='ltr'><strong>videte</strong></span> <span class='ocrx_word' id='word_1_162' title='bbox 434 1575 541 1623; x_wconf 85' lang='lat' dir='ltr'><strong>eoelestis</strong></span> <span class='ocrx_word' id='word_1_163' title='bbox 549 1586 678 1622; x_wconf 82' lang='lat' dir='ltr'><strong>converse·</strong></span> <span class='ocrx_word' id='word_1_164' title='bbox 701 1574 808 1621; x_wconf 83' lang='lat' dir='ltr'><strong>Diesdtei</strong></span> <span class='ocrx_word' id='word_1_165' title='bbox 819 1573 908 1621; x_wconf 73' lang='lat' dir='ltr'><strong>metet</strong></span> <span class='ocrx_word' id='word_1_166' title='bbox 920 1571 1030 1628; x_wconf 68' lang='lat' dir='ltr'><strong>cabum,</strong></span> <span class='ocrx_word' id='word_1_167' title='bbox 1039 1569 1120 1617; x_wconf 89' lang='lat' dir='ltr'><strong>anima</strong></span> <span class='ocrx_word' id='word_1_168' title='bbox 1128 1570 1231 1630; x_wconf 84' lang='lat' dir='ltr'><strong>animae,</strong></span> 
     </span>
     <span class='ocr_line' id='line_1_19' title="bbox 145 1639 1233 1710; baseline -0.006 -18"><span class='ocrx_word' id='word_1_169' title='bbox 145 1644 224 1710; x_wconf 87' lang='lat' dir='ltr'><strong>tionis</strong></span> <span class='ocrx_word' id='word_1_170' title='bbox 244 1645 325 1703; x_wconf 84' lang='lat' dir='ltr'><strong>viros,</strong></span> <span class='ocrx_word' id='word_1_171' title='bbox 345 1644 454 1704; x_wconf 82' lang='lat' dir='ltr'><strong>spectate</strong></span> <span class='ocrx_word' id='word_1_172' title='bbox 472 1643 549 1690; x_wconf 89' lang='lat' dir='ltr'><strong>animi</strong></span> <span class='ocrx_word' id='word_1_173' title='bbox 567 1643 678 1690; x_wconf 90' lang='lat' dir='ltr'><strong>sublimis</strong></span> <span class='ocrx_word' id='word_1_174' title='bbox 702 1641 753 1690; x_wconf 85' lang='lat' dir='ltr'><strong>vita</strong></span> <span class='ocrx_word' id='word_1_175' title='bbox 761 1642 837 1700; x_wconf 78' lang='lat' dir='ltr'><strong>vitae,</strong></span> <span class='ocrx_word' id='word_1_176' title='bbox 848 1639 998 1689; x_wconf 89' lang='lat' dir='ltr'><strong>resurreetio</strong></span> <span class='ocrx_word' id='word_1_177' title='bbox 1009 1639 1192 1686; x_wconf 89' lang='lat' dir='ltr'><strong>resurrectioni.</strong></span> <span class='ocrx_word' id='word_1_178' title='bbox 1201 1639 1233 1688; x_wconf 75' lang='lat' dir='ltr'><strong>nt</strong></span> 
     </span>
     <span class='ocr_line' id='line_1_20' title="bbox 146 1709 1233 1773; baseline -0.007 -11"><span class='ocrx_word' id='word_1_179' title='bbox 146 1713 266 1773; x_wconf 86' lang='lat' dir='ltr'><strong>tropbaea.</strong></span> <span class='ocrx_word' id='word_1_180' title='bbox 284 1713 327 1761; x_wconf 89' lang='lat' dir='ltr'><strong>isti</strong></span> <span class='ocrx_word' id='word_1_181' title='bbox 342 1713 399 1761; x_wconf 91' lang='lat' dir='ltr'><strong>sunt</strong></span> <span class='ocrx_word' id='word_1_182' title='bbox 417 1712 490 1771; x_wconf 90' lang='lat' dir='ltr'><strong>coeli,</strong></span> <span class='ocrx_word' id='word_1_183' title='bbox 509 1710 553 1772; x_wconf 92' lang='lat' dir='ltr'><strong>qui</strong></span> <span class='ocrx_word' id='word_1_184' title='bbox 565 1712 679 1759; x_wconf 84' lang='lat' dir='ltr'><strong>enarrant</strong></span> <span class='ocrx_word' id='word_1_185' title='bbox 702 1709 1233 1766; x_wconf 78' lang='lat' dir='ltr'><strong>noeaoetiiredieotscientiam,lroeest,caro</strong></span> 
     </span>
     <span class='ocr_line' id='line_1_21' title="bbox 147 1775 1234 1843; baseline -0.006 -15"><span class='ocrx_word' id='word_1_186' title='bbox 147 1777 251 1843; x_wconf 71' lang='lat' dir='ltr'><strong>&#39;gloriam</strong></span> <span class='ocrx_word' id='word_1_187' title='bbox 257 1782 305 1829; x_wconf 87' lang='lat' dir='ltr'><strong>Dei</strong></span> <span class='ocrx_word' id='word_1_188' title='bbox 317 1795 324 1828; x_wconf 79' lang='lat' dir='ltr'><strong>a</strong></span> <span class='ocrx_word' id='word_1_189' title='bbox 335 1782 388 1829; x_wconf 83' lang='lat' dir='ltr'><strong>baec</strong></span> <span class='ocrx_word' id='word_1_190' title='bbox 397 1793 472 1840; x_wconf 86' lang='lat' dir='ltr'><strong>opere</strong></span> <span class='ocrx_word' id='word_1_191' title='bbox 483 1792 600 1827; x_wconf 89' lang='lat' dir='ltr'><strong>manuum</strong></span> <span class='ocrx_word' id='word_1_192' title='bbox 611 1778 679 1837; x_wconf 81' lang='lat' dir='ltr'><strong>ejus,</strong></span> <span class='ocrx_word' id='word_1_193' title='bbox 704 1778 785 1837; x_wconf 82' lang='lat' dir='ltr'><strong>cerni,</strong></span> <span class='ocrx_word' id='word_1_194' title='bbox 797 1790 903 1838; x_wconf 92' lang='lat' dir='ltr'><strong>quorum</strong></span> <span class='ocrx_word' id='word_1_195' title='bbox 911 1777 992 1838; x_wconf 90' lang='lat' dir='ltr'><strong>passio</strong></span> <span class='ocrx_word' id='word_1_196' title='bbox 998 1789 1080 1824; x_wconf 82' lang='lat' dir='ltr'><strong>veram</strong></span> <span class='ocrx_word' id='word_1_197' title='bbox 1089 1775 1146 1823; x_wconf 86' lang='lat' dir='ltr'><strong>fidei</strong></span> <span class='ocrx_word' id='word_1_198' title='bbox 1155 1775 1234 1823; x_wconf 67' lang='lat' dir='ltr'><strong>scien⁴</strong></span> 
     </span>
     <span class='ocr_line' id='line_1_22' title="bbox 147 1843 1233 1912; baseline -0.006 -14"><span class='ocrx_word' id='word_1_199' title='bbox 147 1846 204 1912; x_wconf 76' lang='lat' dir='ltr'><strong>quae</strong></span> <span class='ocrx_word' id='word_1_200' title='bbox 214 1850 341 1898; x_wconf 90' lang='lat' dir='ltr'><strong>annuntiat</strong></span> <span class='ocrx_word' id='word_1_201' title='bbox 349 1849 540 1897; x_wconf 87' lang='lat' dir='ltr'><strong>firmamentum.</strong></span> <span class='ocrx_word' id='word_1_202' title='bbox 552 1849 604 1894; x_wconf 86' lang='lat' dir='ltr'><strong>Non</strong></span> <span class='ocrx_word' id='word_1_203' title='bbox 613 1848 679 1895; x_wconf 89' lang='lat' dir='ltr'><strong>enirn</strong></span> <span class='ocrx_word' id='word_1_204' title='bbox 704 1847 764 1894; x_wconf 83' lang='lat' dir='ltr'><strong>tiam</strong></span> <span class='ocrx_word' id='word_1_205' title='bbox 782 1847 896 1893; x_wconf 89' lang='lat' dir='ltr'><strong>omnibus</strong></span> <span class='ocrx_word' id='word_1_206' title='bbox 907 1844 1038 1892; x_wconf 84' lang='lat' dir='ltr'><strong>indicavit.</strong></span> <span class='ocrx_word' id='word_1_207' title='bbox 1054 1845 1126 1890; x_wconf 85' lang='lat' dir='ltr'><strong>Bonae</strong></span> <span class='ocrx_word' id='word_1_208' title='bbox 1137 1843 1233 1904; x_wconf 89' lang='lat' dir='ltr'><strong>noctes,</strong></span> 
     </span>
     <span class='ocr_line' id='line_1_23' title="bbox 149 1911 1235 1978; baseline -0.004 -13"><span class='ocrx_word' id='word_1_209' title='bbox 149 1930 193 1966; x_wconf 91' lang='lat' dir='ltr'><strong>eos</strong></span> <span class='ocrx_word' id='word_1_210' title='bbox 202 1920 324 1966; x_wconf 83' lang='lat' dir='ltr'><strong>saecularis</strong></span> <span class='ocrx_word' id='word_1_211' title='bbox 332 1919 465 1978; x_wconf 88' lang='lat' dir='ltr'><strong>illecebra,</strong></span> <span class='ocrx_word' id='word_1_212' title='bbox 477 1917 521 1965; x_wconf 89' lang='lat' dir='ltr'><strong>sed</strong></span> <span class='ocrx_word' id='word_1_213' title='bbox 531 1916 609 1965; x_wconf 83' lang='lat' dir='ltr'><strong>divini</strong></span> <span class='ocrx_word' id='word_1_214' title='bbox 621 1928 681 1976; x_wconf 92' lang='lat' dir='ltr'><strong>ope·</strong></span> <span class='ocrx_word' id='word_1_215' title='bbox 703 1913 900 1973; x_wconf 83' lang='lat' dir='ltr'><strong>noeteslueidae,</strong></span> <span class='ocrx_word' id='word_1_216' title='bbox 911 1927 966 1974; x_wconf 76' lang='lat' dir='ltr'><strong>quas</strong></span> <span class='ocrx_word' id='word_1_217' title='bbox 977 1912 1072 1960; x_wconf 90' lang='lat' dir='ltr'><strong>babent</strong></span> <span class='ocrx_word' id='word_1_218' title='bbox 1084 1911 1168 1960; x_wconf 88' lang='lat' dir='ltr'><strong>stellas</strong></span> <span class='ocrx_word' id='word_1_219' title='bbox 1178 1925 1186 1959; x_wconf 73' lang='grc' dir='ltr'><em>ε</em></span> <span class='ocrx_word' id='word_1_220' title='bbox 1196 1915 1235 1961; x_wconf 58' lang='lat' dir='ltr'><strong>st*</strong></span> 
     </span>
     <span class='ocr_line' id='line_1_24' title="bbox 148 1981 1233 2047; baseline -0.006 -13"><span class='ocrx_word' id='word_1_221' title='bbox 148 1986 185 2034; x_wconf 81' lang='lat' dir='ltr'><strong>ris</strong></span> <span class='ocrx_word' id='word_1_222' title='bbox 193 1987 271 2047; x_wconf 75' lang='lat' dir='ltr'><strong>qratia</strong></span> <span class='ocrx_word' id='word_1_223' title='bbox 282 1987 312 2033; x_wconf 89' lang='lat' dir='ltr'><strong>ad</strong></span> <span class='ocrx_word' id='word_1_224' title='bbox 323 1986 503 2032; x_wconf 85' lang='lat' dir='ltr'><strong>firmamentum</strong></span> <span class='ocrx_word' id='word_1_225' title='bbox 512 1984 680 2032; x_wconf 74' lang='lat' dir='ltr'><strong>sacratissimae</strong></span> <span class='ocrx_word' id='word_1_226' title='bbox 704 1986 743 2031; x_wconf 81' lang='lat' dir='ltr'><strong>cat</strong></span> <span class='ocrx_word' id='word_1_227' title='bbox 752 1986 815 2031; x_wconf 83' lang='lat' dir='ltr'><strong>enim</strong></span> <span class='ocrx_word' id='word_1_228' title='bbox 825 1984 891 2032; x_wconf 88' lang='lat' dir='ltr'><strong>stella</strong></span> <span class='ocrx_word' id='word_1_229' title='bbox 901 1997 917 2030; x_wconf 88' lang='lat' dir='ltr'><strong>a</strong></span> <span class='ocrx_word' id='word_1_230' title='bbox 927 1983 993 2030; x_wconf 84' lang='lat' dir='ltr'><strong>stelle</strong></span> <span class='ocrx_word' id='word_1_231' title='bbox 1001 1983 1076 2038; x_wconf 74' lang='lat' dir='ltr'><strong>differt</strong></span> <span class='ocrx_word' id='word_1_232' title='bbox 1083 1981 1233 2040; x_wconf 67' lang='lat' dir='ltr'><strong>inclamate,</strong></span> 
     </span>
     <span class='ocr_line' id='line_1_25' title="bbox 148 2053 1080 2113; baseline -0.003 -13"><span class='ocrx_word' id='word_1_233' title='bbox 148 2054 269 2113; x_wconf 90' lang='lat' dir='ltr'><strong>passionis</strong></span> <span class='ocrx_word' id='word_1_234' title='bbox 277 2053 511 2113; x_wconf 78' lang='lat' dir='ltr'><strong>everritrmultoque</strong></span> <span class='ocrx_word' id='word_1_235' title='bbox 520 2053 578 2100; x_wconf 91' lang='lat' dir='ltr'><strong>ante</strong></span> <span class='ocrx_word' id='word_1_236' title='bbox 586 2064 680 2098; x_wconf 91' lang='lat' dir='ltr'><strong>morum</strong></span> <span class='ocrx_word' id='word_1_237' title='bbox 704 2055 768 2100; x_wconf 85' lang='lat' dir='ltr'><strong>itaet</strong></span> <span class='ocrx_word' id='word_1_238' title='bbox 778 2054 916 2100; x_wconf 84' lang='lat' dir='ltr'><strong>resurreetio</strong></span> <span class='ocrx_word' id='word_1_239' title='bbox 924 2054 1080 2098; x_wconf 78' lang='lat' dir='ltr'><strong>mortuorum.</strong></span> 
     </span>
     <span class='ocr_line' id='line_1_26' title="bbox 149 2117 1235 2182; baseline 0 -14"><span class='ocrx_word' id='word_1_240' title='bbox 149 2121 318 2182; x_wconf 83' lang='lat' dir='ltr'><strong>virtutumque</strong></span> <span class='ocrx_word' id='word_1_241' title='bbox 329 2121 481 2169; x_wconf 85' lang='lat' dir='ltr'><strong>documentis</strong></span> <span class='ocrx_word' id='word_1_242' title='bbox 489 2120 644 2168; x_wconf 81' lang='lat' dir='ltr'><strong>annuntiavit</strong></span> <span class='ocrx_word' id='word_1_243' title='bbox 653 2120 680 2166; x_wconf 90' lang='lat' dir='ltr'><strong>in</strong></span> <span class='ocrx_word' id='word_1_244' title='bbox 732 2117 1235 2179; x_wconf 83' lang='lat' dir='ltr'><strong>9.»Nonimmeritoautempleriquehanc</strong></span> 
     </span>
     <span class='ocr_line' id='line_1_27' title="bbox 150 2187 1234 2250; baseline 0 -14"><span class='ocrx_word' id='word_1_245' title='bbox 150 2189 546 2250; x_wconf 87' lang='lat' dir='ltr'><strong>bismartyrium‚quodadversns</strong></span> <span class='ocrx_word' id='word_1_246' title='bbox 556 2188 681 2237; x_wconf 87' lang='lat' dir='ltr'><strong>lubricum</strong></span> <span class='ocrx_word' id='word_1_247' title='bbox 705 2190 841 2250; x_wconf 90' lang='lat' dir='ltr'><strong>martyrum</strong></span> <span class='ocrx_word' id='word_1_248' title='bbox 864 2187 1071 2236; x_wconf 90' lang='lat' dir='ltr'><strong>resurrectionem</strong></span> <span class='ocrx_word' id='word_1_249' title='bbox 1091 2187 1234 2249; x_wconf 65' lang='lat' dir='ltr'><strong>appellant}</strong></span> 
     </span>
     <span class='ocr_line' id='line_1_28' title="bbox 142 2256 1235 2318; baseline -0.003 -12"><span class='ocrx_word' id='word_1_250' title='bbox 142 2256 235 2306; x_wconf 53' lang='lat' dir='ltr'><strong>*seculi</strong></span> <span class='ocrx_word' id='word_1_251' title='bbox 245 2258 318 2316; x_wconf 75' lang='lat' dir='ltr'><strong>liuius</strong></span> <span class='ocrx_word' id='word_1_252' title='bbox 328 2259 428 2306; x_wconf 89' lang='lat' dir='ltr'><strong>stabiles</strong></span> <span class='ocrx_word' id='word_1_253' title='bbox 438 2257 634 2318; x_wconf 83' lang='lat' dir='ltr'><strong>permanserunt.</strong></span> <span class='ocrx_word' id='word_1_254' title='bbox 706 2257 792 2306; x_wconf 80' lang='lat' dir='ltr'><strong>videro</strong></span> <span class='ocrx_word' id='word_1_255' title='bbox 803 2257 887 2304; x_wconf 92' lang='lat' dir='ltr'><strong>tamen</strong></span> <span class='ocrx_word' id='word_1_256' title='bbox 905 2257 988 2304; x_wconf 89' lang='lat' dir='ltr'><strong>utrum</strong></span> <span class='ocrx_word' id='word_1_257' title='bbox 1004 2256 1067 2316; x_wconf 91' lang='lat' dir='ltr'><strong>sibi,</strong></span> <span class='ocrx_word' id='word_1_258' title='bbox 1078 2256 1149 2304; x_wconf 91' lang='lat' dir='ltr'><strong>uobis</strong></span> <span class='ocrx_word' id='word_1_259' title='bbox 1167 2257 1235 2303; x_wconf 86' lang='lat' dir='ltr'><strong>certe</strong></span> 
     </span>
     <span class='ocr_line' id='line_1_29' title="bbox 149 2324 1236 2387; baseline 0 -14"><span class='ocrx_word' id='word_1_260' title='bbox 149 2343 154 2353; x_wconf 63' lang='lat'>=</span> <span class='ocrx_word' id='word_1_261' title='bbox 183 2326 682 2387; x_wconf 76' lang='lat' dir='ltr'><strong>tt.»coelumeratPaulus,quiaittllostro</strong></span> <span class='ocrx_word' id='word_1_262' title='bbox 705 2328 825 2386; x_wconf 86' lang='lat' dir='ltr'><strong>martyres</strong></span> <span class='ocrx_word' id='word_1_263' title='bbox 850 2324 1041 2373; x_wconf 85' lang='lat' dir='ltr'><strong>resurrexerint.</strong></span> <span class='ocrx_word' id='word_1_264' title='bbox 1068 2324 1236 2385; x_wconf 72' lang='lat' dir='ltr'><strong>cognovistis,</strong></span> 
     </span>
     <span class='ocr_line' id='line_1_30' title="bbox 151 2394 1237 2455; baseline -0.001 -12"><span class='ocrx_word' id='word_1_265' title='bbox 151 2397 294 2443; x_wconf 77' lang='lat' dir='ltr'><strong>conversatio</strong></span> <span class='ocrx_word' id='word_1_266' title='bbox 304 2397 398 2443; x_wconf 82' lang='lat' dir='ltr'><strong>incaelis</strong></span> <span class='ocrx_word' id='word_1_267' title='bbox 409 2399 450 2444; x_wconf 83' lang='lat' dir='ltr'><strong>est.</strong></span> <span class='ocrx_word' id='word_1_268' title='bbox 461 2395 520 2443; x_wconf 85' lang='lat' dir='ltr'><strong>Goeli</strong></span> <span class='ocrx_word' id='word_1_269' title='bbox 532 2395 601 2442; x_wconf 88' lang='lat' dir='ltr'><strong>erant</strong></span> <span class='ocrx_word' id='word_1_270' title='bbox 611 2395 681 2443; x_wconf 86' lang='lat' dir='ltr'><strong>Jaco-</strong></span> <span class='ocrx_word' id='word_1_271' title='bbox 706 2395 781 2442; x_wconf 87' lang='lat' dir='ltr'><strong>immo</strong></span> <span class='ocrx_word' id='word_1_272' title='bbox 797 2395 894 2444; x_wconf 83' lang='lat' dir='ltr'><strong>vidistis</strong></span> <span class='ocrx_word' id='word_1_273' title='bbox 909 2395 956 2455; x_wconf 91' lang='lat' dir='ltr'><strong>ipsi</strong></span> <span class='ocrx_word' id='word_1_274' title='bbox 971 2395 1061 2442; x_wconf 89' lang='lat' dir='ltr'><strong>multos</strong></span> <span class='ocrx_word' id='word_1_275' title='bbox 1079 2406 1093 2441; x_wconf 85' lang='lat' dir='ltr'><strong>a</strong></span> <span class='ocrx_word' id='word_1_276' title='bbox 1111 2394 1237 2442; x_wconf 79' lang='lat' dir='ltr'><strong>daemoniis</strong></span> 
     </span>
     <span class='ocr_line' id='line_1_31' title="bbox 151 2462 1236 2524; baseline -0.002 -14"><span class='ocrx_word' id='word_1_277' title='bbox 151 2463 199 2510; x_wconf 89' lang='lat' dir='ltr'><strong>bus</strong></span> <span class='ocrx_word' id='word_1_278' title='bbox 212 2464 238 2511; x_wconf 90' lang='lat' dir='ltr'><strong>et</strong></span> <span class='ocrx_word' id='word_1_279' title='bbox 247 2463 371 2511; x_wconf 81' lang='lat' dir='ltr'><strong>lohannes</strong></span> <span class='ocrx_word' id='word_1_280' title='bbox 382 2475 388 2509; x_wconf 75' lang='grc' dir='ltr'><strong>ε</strong></span> <span class='ocrx_word' id='word_1_281' title='bbox 400 2462 507 2522; x_wconf 91' lang='lat' dir='ltr'><strong>denique</strong></span> <span class='ocrx_word' id='word_1_282' title='bbox 523 2462 570 2509; x_wconf 90' lang='lat' dir='ltr'><strong>lilii</strong></span> <span class='ocrx_word' id='word_1_283' title='bbox 580 2463 681 2509; x_wconf 88' lang='lat' dir='ltr'><strong>tonitrui</strong></span> <span class='ocrx_word' id='word_1_284' title='bbox 707 2463 838 2524; x_wconf 79' lang='lat' dir='ltr'><strong>purgatos:</strong></span> <span class='ocrx_word' id='word_1_285' title='bbox 852 2463 972 2524; x_wconf 88' lang='lat' dir='ltr'><strong>plurimos</strong></span> <span class='ocrx_word' id='word_1_286' title='bbox 983 2462 1073 2523; x_wconf 90' lang='lat' dir='ltr'><strong>etiam,</strong></span> <span class='ocrx_word' id='word_1_287' title='bbox 1088 2462 1131 2510; x_wconf 91' lang='lat' dir='ltr'><strong>ubi</strong></span> <span class='ocrx_word' id='word_1_288' title='bbox 1141 2463 1236 2511; x_wconf 83' lang='lat' dir='ltr'><strong>vestem</strong></span> 
     </span>
     <span class='ocr_line' id='line_1_32' title="bbox 153 2531 1238 2592; baseline 0 -14"><span class='ocrx_word' id='word_1_289' title='bbox 153 2533 347 2592; x_wconf 89' lang='lat' dir='ltr'><strong>nuncupantur;</strong></span> <span class='ocrx_word' id='word_1_290' title='bbox 372 2533 398 2579; x_wconf 91' lang='lat' dir='ltr'><strong>et</strong></span> <span class='ocrx_word' id='word_1_291' title='bbox 418 2531 474 2579; x_wconf 92' lang='lat' dir='ltr'><strong>ideo</strong></span> <span class='ocrx_word' id='word_1_292' title='bbox 498 2531 568 2591; x_wconf 88' lang='lat' dir='ltr'><strong>quasi</strong></span> <span class='ocrx_word' id='word_1_293' title='bbox 594 2532 681 2578; x_wconf 88' lang='lat' dir='ltr'><strong>coelum</strong></span> <span class='ocrx_word' id='word_1_294' title='bbox 707 2533 845 2582; x_wconf 88' lang='lat' dir='ltr'><strong>sanctorum</strong></span> <span class='ocrx_word' id='word_1_295' title='bbox 870 2532 984 2581; x_wconf 90' lang='lat' dir='ltr'><strong>manibus</strong></span> <span class='ocrx_word' id='word_1_296' title='bbox 1009 2531 1180 2592; x_wconf 68' lang='lat' dir='ltr'><strong>contigerunt,</strong></span> <span class='ocrx_word' id='word_1_297' title='bbox 1206 2531 1238 2578; x_wconf 89' lang='lat' dir='ltr'><strong>iis</strong></span> 
     </span>
     <span class='ocr_line' id='line_1_33' title="bbox 151 2599 1237 2661; baseline 0.002 -15"><span class='ocrx_word' id='word_1_298' title='bbox 151 2599 683 2660; x_wconf 81' lang='lat' dir='ltr'><strong>·tonannesverbnnrapndnenmridit.lpse</strong></span> <span class='ocrx_word' id='word_1_299' title='bbox 701 2602 796 2661; x_wconf 90' lang='lat' dir='ltr'><strong>quibus</strong></span> <span class='ocrx_word' id='word_1_300' title='bbox 810 2602 966 2660; x_wconf 84' lang='lat' dir='ltr'><strong>laborabant,</strong></span> <span class='ocrx_word' id='word_1_301' title='bbox 981 2601 1151 2650; x_wconf 87' lang='lat' dir='ltr'><strong>debilitatibus</strong></span> <span class='ocrx_word' id='word_1_302' title='bbox 1166 2602 1237 2649; x_wconf 89' lang='lat' dir='ltr'><strong>abso-</strong></span> 
     </span>
     <span class='ocr_line' id='line_1_34' title="bbox 151 2667 1238 2728; baseline 0.003 -15"><span class='ocrx_word' id='word_1_303' title='bbox 151 2667 273 2716; x_wconf 79' lang='lat' dir='ltr'><strong>llominus</strong></span> <span class='ocrx_word' id='word_1_304' title='bbox 290 2670 361 2715; x_wconf 83' lang='lat' dir='ltr'><strong>lesus</strong></span> <span class='ocrx_word' id='word_1_305' title='bbox 378 2669 493 2728; x_wconf 90' lang='lat' dir='ltr'><strong>perpetui</strong></span> <span class='ocrx_word' id='word_1_306' title='bbox 512 2667 614 2722; x_wconf 87' lang='lat' dir='ltr'><strong>luminis</strong></span> <span class='ocrx_word' id='word_1_307' title='bbox 632 2670 685 2714; x_wconf 88' lang='lat' dir='ltr'><strong>erat</strong></span> <span class='ocrx_word' id='word_1_308' title='bbox 708 2669 772 2716; x_wconf 89' lang='lat' dir='ltr'><strong>tutos</strong></span> <span class='ocrx_word' id='word_1_309' title='bbox 783 2681 790 2713; x_wconf 70' lang='grc' dir='ltr'><strong>ε</strong></span> <span class='ocrx_word' id='word_1_310' title='bbox 801 2670 914 2728; x_wconf 86' lang='lat' dir='ltr'><strong>reparata</strong></span> <span class='ocrx_word' id='word_1_311' title='bbox 928 2670 1020 2716; x_wconf 82' lang='lat' dir='ltr'><strong>vetusti</strong></span> <span class='ocrx_word' id='word_1_312' title='bbox 1031 2669 1148 2728; x_wconf 90' lang='lat' dir='ltr'><strong>temporis</strong></span> <span class='ocrx_word' id='word_1_313' title='bbox 1163 2669 1238 2716; x_wconf 91' lang='lat' dir='ltr'><strong>mira-</strong></span> 
     </span>
     <span class='ocr_line' id='line_1_35' title="bbox 154 2736 1239 2797; baseline -0.001 -12"><span class='ocrx_word' id='word_1_314' title='bbox 154 2739 320 2797; x_wconf 87' lang='lat' dir='ltr'><strong>eoelum,eum</strong></span> <span class='ocrx_word' id='word_1_315' title='bbox 329 2738 454 2784; x_wconf 88' lang='lat' dir='ltr'><strong>enarraret</strong></span> <span class='ocrx_word' id='word_1_316' title='bbox 462 2736 685 2795; x_wconf 76' lang='lat' dir='ltr'><strong>Deiqloriam‚sed</strong></span> <span class='ocrx_word' id='word_1_317' title='bbox 709 2736 778 2795; x_wconf 86' lang='lat' dir='ltr'><strong>oula,</strong></span> <span class='ocrx_word' id='word_1_318' title='bbox 790 2748 838 2795; x_wconf 91' lang='lat' dir='ltr'><strong>quo</strong></span> <span class='ocrx_word' id='word_1_319' title='bbox 849 2747 875 2783; x_wconf 88' lang='lat' dir='ltr'><strong>se</strong></span> <span class='ocrx_word' id='word_1_320' title='bbox 883 2747 928 2796; x_wconf 88' lang='lat' dir='ltr'><strong>per</strong></span> <span class='ocrx_word' id='word_1_321' title='bbox 933 2736 1067 2783; x_wconf 81' lang='lat' dir='ltr'><strong>adventum</strong></span> <span class='ocrx_word' id='word_1_322' title='bbox 1075 2736 1172 2782; x_wconf 86' lang='lat' dir='ltr'><strong>Domini</strong></span> <span class='ocrx_word' id='word_1_323' title='bbox 1180 2738 1239 2783; x_wconf 84' lang='lat' dir='ltr'><strong>lesu</strong></span> 
     </span>
     <span class='ocr_line' id='line_1_36' title="bbox 153 2803 1239 2865; baseline -0.004 -11"><span class='ocrx_word' id='word_1_324' title='bbox 153 2818 209 2854; x_wconf 88' lang='lat' dir='ltr'><strong>eam</strong></span> <span class='ocrx_word' id='word_1_325' title='bbox 223 2818 297 2865; x_wconf 90' lang='lat' dir='ltr'><strong>quam</strong></span> <span class='ocrx_word' id='word_1_326' title='bbox 310 2816 383 2852; x_wconf 90' lang='lat' dir='ltr'><strong>nemo</strong></span> <span class='ocrx_word' id='word_1_327' title='bbox 400 2805 458 2852; x_wconf 91' lang='lat' dir='ltr'><strong>aute</strong></span> <span class='ocrx_word' id='word_1_328' title='bbox 475 2803 645 2864; x_wconf 88' lang='lat' dir='ltr'><strong>conspexerat.</strong></span> <span class='ocrx_word' id='word_1_329' title='bbox 657 2806 685 2852; x_wconf 83' lang='lat' dir='ltr'><strong>nt</strong></span> <span class='ocrx_word' id='word_1_330' title='bbox 710 2805 787 2864; x_wconf 73' lang='lat' dir='ltr'><strong>gratia</strong></span> <span class='ocrx_word' id='word_1_331' title='bbox 808 2804 880 2852; x_wconf 88' lang='lat' dir='ltr'><strong>terris</strong></span> <span class='ocrx_word' id='word_1_332' title='bbox 899 2805 977 2863; x_wconf 86' lang='lat' dir='ltr'><strong>major</strong></span> <span class='ocrx_word' id='word_1_333' title='bbox 995 2805 1133 2862; x_wconf 80' lang='lat' dir='ltr'><strong>infuderat,</strong></span> <span class='ocrx_word' id='word_1_334' title='bbox 1152 2805 1239 2851; x_wconf 89' lang='lat' dir='ltr'><strong>umbra</strong></span> 
     </span>
     <span class='ocr_line' id='line_1_37' title="bbox 136 2856 1240 2942; baseline -0.004 -20"><span class='ocrx_word' id='word_1_335' title='bbox 136 2856 147 2942; x_wconf 66' lang='grc'>1</span> <span class='ocrx_word' id='word_1_336' title='bbox 153 2875 212 2922; x_wconf 90' lang='lat' dir='ltr'><strong>ideo</strong></span> <span class='ocrx_word' id='word_1_337' title='bbox 223 2873 291 2920; x_wconf 85' lang='lat' dir='ltr'><strong>dixit</strong></span> <span class='ocrx_word' id='word_1_338' title='bbox 301 2886 309 2918; x_wconf 79' lang='lat' dir='ltr'><strong>r</strong></span> <span class='ocrx_word' id='word_1_339' title='bbox 320 2877 397 2921; x_wconf 83' lang='lat' dir='ltr'><strong>Deam</strong></span> <span class='ocrx_word' id='word_1_340' title='bbox 412 2885 479 2919; x_wconf 83' lang='lat' dir='ltr'><strong>aereo</strong></span> <span class='ocrx_word' id='word_1_341' title='bbox 492 2873 549 2919; x_wconf 85' lang='lat' dir='ltr'><strong>cidit</strong></span> <span class='ocrx_word' id='word_1_342' title='bbox 559 2884 672 2930; x_wconf 79' lang='lat' dir='ltr'><strong>amquam</strong></span> <span class='ocrx_word' id='word_1_343' title='bbox 677 2903 685 2928; x_wconf 91' lang='lat'><strong>,</strong></span> <span class='ocrx_word' id='word_1_344' title='bbox 711 2873 814 2933; x_wconf 90' lang='lat' dir='ltr'><strong>quadam</strong></span> <span class='ocrx_word' id='word_1_345' title='bbox 821 2873 959 2919; x_wconf 84' lang='lat' dir='ltr'><strong>sanctorum</strong></span> <span class='ocrx_word' id='word_1_346' title='bbox 970 2884 1100 2931; x_wconf 89' lang='lat' dir='ltr'><strong>corporum</strong></span> <span class='ocrx_word' id='word_1_347' title='bbox 1110 2872 1240 2931; x_wconf 86' lang='lat' dir='ltr'><strong>plerosque</strong></span> 
     </span>
     <span class='ocr_line' id='line_1_38' title="bbox 152 2937 1242 3000; baseline -0.004 -11"><span class='ocrx_word' id='word_1_348' title='bbox 152 2944 201 2990; x_wconf 79' lang='lat' dir='ltr'><strong>nise·</strong></span> <span class='ocrx_word' id='word_1_349' title='bbox 211 2941 342 3000; x_wconf 81' lang='lat' dir='ltr'><strong>oniqear‘tes</strong></span> <span class='ocrx_word' id='word_1_350' title='bbox 352 2940 439 2997; x_wconf 81' lang='lat' dir='ltr'><strong>Filius,</strong></span> <span class='ocrx_word' id='word_1_351' title='bbox 451 2941 491 3000; x_wconf 79' lang='lat' dir='ltr'><strong>qur·</strong></span> <span class='ocrx_word' id='word_1_352' title='bbox 500 2941 533 2986; x_wconf 83' lang='lat' dir='ltr'><strong>eet</strong></span> <span class='ocrx_word' id='word_1_353' title='bbox 541 2941 565 2986; x_wconf 81' lang='lat' dir='ltr'><strong>irs</strong></span> <span class='ocrx_word' id='word_1_354' title='bbox 574 2941 629 2986; x_wconf 80' lang='lat' dir='ltr'><strong>sina</strong></span> <span class='ocrx_word' id='word_1_355' title='bbox 637 2941 687 2986; x_wconf 87' lang='lat' dir='ltr'><strong>Pa·</strong></span> <span class='ocrx_word' id='word_1_356' title='bbox 712 2940 809 2988; x_wconf 90' lang='lat' dir='ltr'><strong>sanatos</strong></span> <span class='ocrx_word' id='word_1_357' title='bbox 820 2941 929 2989; x_wconf 78' lang='lat' dir='ltr'><strong>semitis.</strong></span> <span class='ocrx_word' id='word_1_358' title='bbox 945 2937 1040 2997; x_wconf 85' lang='lat' dir='ltr'><strong>Quanta</strong></span> <span class='ocrx_word' id='word_1_359' title='bbox 1056 2940 1137 2986; x_wconf 90' lang='lat' dir='ltr'><strong>oraria</strong></span> <span class='ocrx_word' id='word_1_360' title='bbox 1147 2937 1158 2959; x_wconf 80' lang='lat'><em>⁰</em></span> <span class='ocrx_word' id='word_1_361' title='bbox 1165 2939 1242 2997; x_wconf 81' lang='lat' dir='ltr'><strong>jacti·</strong></span> 
     </span>
     <span class='ocr_line' id='line_1_39' title="bbox 145 3007 1242 3075; baseline -0.006 -15"><span class='ocrx_word' id='word_1_362' title='bbox 145 3013 211 3075; x_wconf 56' lang='lat' dir='ltr'><strong>stris,</strong></span> <span class='ocrx_word' id='word_1_363' title='bbox 222 3011 269 3069; x_wconf 79' lang='lat' dir='ltr'><strong>ipse</strong></span> <span class='ocrx_word' id='word_1_364' title='bbox 284 3010 413 3056; x_wconf 74' lang='lat' dir='ltr'><strong>enarraret.</strong></span> <span class='ocrx_word' id='word_1_365' title='bbox 430 3007 509 3067; x_wconf 87' lang='lat' dir='ltr'><strong>Opera</strong></span> <span class='ocrx_word' id='word_1_366' title='bbox 525 3019 624 3067; x_wconf 90' lang='lat' dir='ltr'><strong>quoqne</strong></span> <span class='ocrx_word' id='word_1_367' title='bbox 635 3019 688 3053; x_wconf 87' lang='lat' dir='ltr'><strong>ma·</strong></span> <span class='ocrx_word' id='word_1_368' title='bbox 712 3007 811 3056; x_wconf 91' lang='lat' dir='ltr'><strong>tanturt</strong></span> <span class='ocrx_word' id='word_1_369' title='bbox 825 3008 915 3067; x_wconf 91' lang='lat' dir='ltr'><strong>quanta</strong></span> <span class='ocrx_word' id='word_1_370' title='bbox 934 3007 1079 3055; x_wconf 90' lang='lat' dir='ltr'><strong>indumenta</strong></span> <span class='ocrx_word' id='word_1_371' title='bbox 1095 3019 1169 3066; x_wconf 91' lang='lat' dir='ltr'><strong>super</strong></span> <span class='ocrx_word' id='word_1_372' title='bbox 1181 3007 1242 3054; x_wconf 52' lang='lat' dir='ltr'><strong>reli*-</strong></span> 
     </span>
     <span class='ocr_line' id='line_1_40' title="bbox 155 3074 1243 3138; baseline -0.008 -9"><span class='ocrx_word' id='word_1_373' title='bbox 155 3091 234 3130; x_wconf 87' lang='lat' dir='ltr'><strong>nuum</strong></span> <span class='ocrx_word' id='word_1_374' title='bbox 243 3078 288 3125; x_wconf 89' lang='lat' dir='ltr'><strong>Dei</strong></span> <span class='ocrx_word' id='word_1_375' title='bbox 297 3079 318 3124; x_wconf 92' lang='lat' dir='ltr'><strong>si</strong></span> <span class='ocrx_word' id='word_1_376' title='bbox 327 3078 425 3138; x_wconf 88' lang='lat' dir='ltr'><strong>quaeris,</strong></span> <span class='ocrx_word' id='word_1_377' title='bbox 432 3077 490 3124; x_wconf 89' lang='lat' dir='ltr'><strong>audi</strong></span> <span class='ocrx_word' id='word_1_378' title='bbox 498 3077 543 3124; x_wconf 87' lang='lat' dir='ltr'><strong>lob</strong></span> <span class='ocrx_word' id='word_1_379' title='bbox 550 3077 686 3125; x_wconf 87' lang='lat' dir='ltr'><strong>dicentem:</strong></span> <span class='ocrx_word' id='word_1_380' title='bbox 712 3077 783 3136; x_wconf 85' lang='lat' dir='ltr'><strong>quiae</strong></span> <span class='ocrx_word' id='word_1_381' title='bbox 797 3075 971 3124; x_wconf 86' lang='lat' dir='ltr'><strong>sacratissimas</strong></span> <span class='ocrx_word' id='word_1_382' title='bbox 983 3075 1008 3123; x_wconf 92' lang='lat' dir='ltr'><strong>et</strong></span> <span class='ocrx_word' id='word_1_383' title='bbox 1019 3076 1087 3123; x_wconf 88' lang='lat' dir='ltr'><strong>tactn</strong></span> <span class='ocrx_word' id='word_1_384' title='bbox 1098 3074 1152 3134; x_wconf 91' lang='lat' dir='ltr'><strong>ipso</strong></span> <span class='ocrx_word' id='word_1_385' title='bbox 1162 3074 1243 3122; x_wconf 90' lang='lat' dir='ltr'><strong>medi·</strong></span> 
     </span>
     <span class='ocr_line' id='line_1_41' title="bbox 156 3143 1243 3207; baseline -0.005 -12"><span class='ocrx_word' id='word_1_386' title='bbox 156 3148 255 3207; x_wconf 81' lang='lat' dir='ltr'><strong>Spiritus</strong></span> <span class='ocrx_word' id='word_1_387' title='bbox 272 3147 376 3201; x_wconf 79' lang='lat' dir='ltr'><strong>diotone,</strong></span> <span class='ocrx_word' id='word_1_388' title='bbox 394 3146 436 3205; x_wconf 79' lang='lat' dir='ltr'><strong>qui</strong></span> <span class='ocrx_word' id='word_1_389' title='bbox 453 3145 505 3203; x_wconf 75' lang='lat' dir='ltr'><strong>fecit</strong></span> <span class='ocrx_word' id='word_1_390' title='bbox 522 3157 567 3191; x_wconf 88' lang='lat' dir='ltr'><strong>me.</strong></span> <span class='ocrx_word' id='word_1_391' title='bbox 587 3144 616 3189; x_wconf 78' lang='lat' dir='ltr'><strong>lit</strong></span> <span class='ocrx_word' id='word_1_392' title='bbox 632 3143 688 3191; x_wconf 93' lang='lat' dir='ltr'><strong>ideo</strong></span> <span class='ocrx_word' id='word_1_393' title='bbox 713 3145 802 3193; x_wconf 83' lang='lat' dir='ltr'><strong>cabilia</strong></span> <span class='ocrx_word' id='word_1_394' title='bbox 823 3143 1003 3205; x_wconf 79' lang='lat' dir='ltr'><strong>reposcuntur!</strong></span> <span class='ocrx_word' id='word_1_395' title='bbox 1026 3143 1139 3191; x_wconf 89' lang='lat' dir='ltr'><strong>Gaudent</strong></span> <span class='ocrx_word' id='word_1_396' title='bbox 1157 3154 1243 3191; x_wconf 90' lang='lat' dir='ltr'><strong>omnes</strong></span> 
     </span>
     <span class='ocr_line' id='line_1_42' title="bbox 158 3212 1241 3274; baseline -0.002 -12"><span class='ocrx_word' id='word_1_397' title='bbox 158 3217 276 3263; x_wconf 85' lang='lat' dir='ltr'><strong>adversus</strong></span> <span class='ocrx_word' id='word_1_398' title='bbox 291 3214 383 3261; x_wconf 88' lang='lat' dir='ltr'><strong>diaboli</strong></span> <span class='ocrx_word' id='word_1_399' title='bbox 397 3214 548 3261; x_wconf 87' lang='lat' dir='ltr'><strong>tentamenta</strong></span> <span class='ocrx_word' id='word_1_400' title='bbox 564 3212 687 3272; x_wconf 85' lang='lat' dir='ltr'><strong>firmatus,</strong></span> <span class='ocrx_word' id='word_1_401' title='bbox 714 3214 898 3262; x_wconf 87' lang='lat' dir='ltr'><strong>extremalinea</strong></span> <span class='ocrx_word' id='word_1_402' title='bbox 907 3215 1064 3274; x_wconf 71' lang='lat' dir='ltr'><strong>contingere3</strong></span> <span class='ocrx_word' id='word_1_403' title='bbox 1076 3212 1151 3274; x_wconf 90' lang='lat' dir='ltr'><strong>etqui</strong></span> <span class='ocrx_word' id='word_1_404' title='bbox 1163 3213 1241 3261; x_wconf 88' lang='lat' dir='ltr'><strong>conti·</strong></span> 
     </span>
     <span class='ocr_line' id='line_1_43' title="bbox 156 3280 958 3344; baseline 0 -14"><span class='ocrx_word' id='word_1_405' title='bbox 156 3283 282 3331; x_wconf 84' lang='lat' dir='ltr'><strong>lnotiensae</strong></span> <span class='ocrx_word' id='word_1_406' title='bbox 299 3283 433 3342; x_wconf 74' lang='lat' dir='ltr'><strong>vestigium</strong></span> <span class='ocrx_word' id='word_1_407' title='bbox 450 3280 592 3330; x_wconf 76' lang='lat' dir='ltr'><strong>constantis</strong></span> <span class='ocrx_word' id='word_1_408' title='bbox 608 3293 690 3330; x_wconf 82' lang='lat' dir='ltr'><strong>serve·</strong></span> <span class='ocrx_word' id='word_1_409' title='bbox 715 3283 795 3344; x_wconf 72' lang='lat' dir='ltr'><strong>gerit,</strong></span> <span class='ocrx_word' id='word_1_410' title='bbox 807 3284 889 3332; x_wconf 81' lang='lat' dir='ltr'><strong>salvus</strong></span> <span class='ocrx_word' id='word_1_411' title='bbox 901 3283 958 3331; x_wconf 89' lang='lat' dir='ltr'><strong>erit.</strong></span> 
     </span>
     <span class='ocr_line' id='line_1_44' title="bbox 156 3350 1243 3412; baseline 0 -12"><span class='ocrx_word' id='word_1_412' title='bbox 156 3351 203 3400; x_wconf 74' lang='lat' dir='ltr'><strong>eit.</strong></span> <span class='ocrx_word' id='word_1_413' title='bbox 216 3351 263 3397; x_wconf 88' lang='lat' dir='ltr'><strong>Sed</strong></span> <span class='ocrx_word' id='word_1_414' title='bbox 274 3351 402 3399; x_wconf 81' lang='lat' dir='ltr'><strong>veniamus</strong></span> <span class='ocrx_word' id='word_1_415' title='bbox 414 3351 445 3398; x_wconf 89' lang='lat' dir='ltr'><strong>ad</strong></span> <span class='ocrx_word' id='word_1_416' title='bbox 454 3351 560 3411; x_wconf 84' lang='lat' dir='ltr'><strong>reliqua.</strong></span> <span class='ocrx_word' id='word_1_417' title='bbox 746 3350 1243 3412; x_wconf 79' lang='lat' dir='ltr'><strong>l0.»eratiastibi‚bomine1esu,quod</strong></span> 
     </span>
     <span class='ocr_line' id='line_1_45' title="bbox 188 3418 1244 3481; baseline 0.001 -15"><span class='ocrx_word' id='word_1_418' title='bbox 188 3419 212 3466; x_wconf 86' lang='grc'><strong>6,</strong></span> <span class='ocrx_word' id='word_1_419' title='bbox 218 3437 233 3462; x_wconf 90' lang='lat'>»</span> <span class='ocrx_word' id='word_1_420' title='bbox 239 3422 307 3477; x_wconf 83' lang='lat' dir='ltr'><strong>Dies,</strong></span> <span class='ocrx_word' id='word_1_421' title='bbox 323 3419 418 3480; x_wconf 90' lang='lat' dir='ltr'><strong>inquit,</strong></span> <span class='ocrx_word' id='word_1_422' title='bbox 429 3421 475 3466; x_wconf 77' lang='lat' dir='ltr'><strong>dier·</strong></span> <span class='ocrx_word' id='word_1_423' title='bbox 486 3418 688 3467; x_wconf 81' lang='lat' dir='ltr'><strong>ernetoteerbrrm.</strong></span> <span class='ocrx_word' id='word_1_424' title='bbox 716 3419 879 3481; x_wconf 87' lang='lat' dir='ltr'><strong>boetempore</strong></span> <span class='ocrx_word' id='word_1_425' title='bbox 887 3421 1027 3468; x_wconf 90' lang='lat' dir='ltr'><strong>talesnobis</strong></span> <span class='ocrx_word' id='word_1_426' title='bbox 1035 3420 1172 3468; x_wconf 89' lang='lat' dir='ltr'><strong>sanctorum</strong></span> <span class='ocrx_word' id='word_1_427' title='bbox 1180 3433 1244 3467; x_wconf 72' lang='lat' dir='ltr'><strong>mar⁴</strong></span> 
     </span>
     <span class='ocr_line' id='line_1_46' title="bbox 159 3487 1243 3549; baseline 0.001 -16"><span class='ocrx_word' id='word_1_428' title='bbox 159 3488 221 3534; x_wconf 86' lang='lat' dir='ltr'><strong>Ecce</strong></span> <span class='ocrx_word' id='word_1_429' title='bbox 234 3488 288 3535; x_wconf 86' lang='lat' dir='ltr'><strong>veri</strong></span> <span class='ocrx_word' id='word_1_430' title='bbox 299 3487 367 3545; x_wconf 92' lang='lat' dir='ltr'><strong>dies,</strong></span> <span class='ocrx_word' id='word_1_431' title='bbox 377 3500 438 3548; x_wconf 91' lang='lat' dir='ltr'><strong>quos</strong></span> <span class='ocrx_word' id='word_1_432' title='bbox 446 3488 514 3534; x_wconf 88' lang='lat' dir='ltr'><strong>nulla</strong></span> <span class='ocrx_word' id='word_1_433' title='bbox 524 3487 601 3547; x_wconf 80' lang='lat' dir='ltr'><strong>caligo</strong></span> <span class='ocrx_word' id='word_1_434' title='bbox 612 3487 692 3535; x_wconf 90' lang='lat' dir='ltr'><strong>noctis</strong></span> <span class='ocrx_word' id='word_1_435' title='bbox 716 3489 798 3548; x_wconf 87' lang='lat' dir='ltr'><strong>tyrum</strong></span> <span class='ocrx_word' id='word_1_436' title='bbox 810 3489 911 3549; x_wconf 89' lang='lat' dir='ltr'><strong>spiritus</strong></span> <span class='ocrx_word' id='word_1_437' title='bbox 925 3489 1054 3548; x_wconf 86' lang='lat' dir='ltr'><strong>excitasti,</strong></span> <span class='ocrx_word' id='word_1_438' title='bbox 1071 3501 1119 3548; x_wconf 89' lang='lat' dir='ltr'><strong>quo</strong></span> <span class='ocrx_word' id='word_1_439' title='bbox 1137 3489 1243 3536; x_wconf 83' lang='lat' dir='ltr'><strong>Ecclesia</strong></span> 
     </span>
     <span class='ocr_line' id='line_1_47' title="bbox 157 3555 1244 3618; baseline 0.003 -17"><span class='ocrx_word' id='word_1_440' title='bbox 157 3555 301 3614; x_wconf 88' lang='lat' dir='ltr'><strong>interpolat.</strong></span> <span class='ocrx_word' id='word_1_441' title='bbox 312 3557 374 3603; x_wconf 87' lang='lat' dir='ltr'><strong>Ecce</strong></span> <span class='ocrx_word' id='word_1_442' title='bbox 385 3555 440 3603; x_wconf 82' lang='lat' dir='ltr'><strong>veri</strong></span> <span class='ocrx_word' id='word_1_443' title='bbox 451 3555 505 3601; x_wconf 90' lang='lat' dir='ltr'><strong>dies</strong></span> <span class='ocrx_word' id='word_1_444' title='bbox 512 3556 582 3614; x_wconf 89' lang='lat' dir='ltr'><strong>pleni</strong></span> <span class='ocrx_word' id='word_1_445' title='bbox 590 3555 692 3602; x_wconf 89' lang='lat' dir='ltr'><strong>luminis</strong></span> <span class='ocrx_word' id='word_1_446' title='bbox 716 3556 760 3604; x_wconf 87' lang='lat' dir='ltr'><strong>tue</strong></span> <span class='ocrx_word' id='word_1_447' title='bbox 769 3558 883 3618; x_wconf 79' lang='lat' dir='ltr'><strong>praesidia</strong></span> <span class='ocrx_word' id='word_1_448' title='bbox 891 3559 984 3617; x_wconf 82' lang='lat' dir='ltr'><strong>majora</strong></span> <span class='ocrx_word' id='word_1_449' title='bbox 994 3557 1127 3604; x_wconf 89' lang='lat' dir='ltr'><strong>desiderat.</strong></span> <span class='ocrx_word' id='word_1_450' title='bbox 1139 3558 1244 3616; x_wconf 79' lang='lat' dir='ltr'><strong>Cognos-</strong></span> 
     </span>
     <span class='ocr_line' id='line_1_48' title="bbox 155 3621 1245 3683; baseline 0 -13"><span class='ocrx_word' id='word_1_451' title='bbox 155 3625 184 3672; x_wconf 70' lang='lat' dir='ltr'><strong>‘et</strong></span> <span class='ocrx_word' id='word_1_452' title='bbox 195 3623 296 3682; x_wconf 76' lang='lat' dir='ltr'><strong>fulgoris</strong></span> <span class='ocrx_word' id='word_1_453' title='bbox 304 3623 456 3683; x_wconf 84' lang='lat' dir='ltr'><strong>aeterni,qui</strong></span> <span class='ocrx_word' id='word_1_454' title='bbox 464 3635 512 3669; x_wconf 93' lang='lat' dir='ltr'><strong>non</strong></span> <span class='ocrx_word' id='word_1_455' title='bbox 520 3621 693 3683; x_wconf 78' lang='lat' dir='ltr'><strong>perfunctorio</strong></span> <span class='ocrx_word' id='word_1_456' title='bbox 717 3622 774 3670; x_wconf 87' lang='lat' dir='ltr'><strong>eant</strong></span> <span class='ocrx_word' id='word_1_457' title='bbox 789 3635 874 3671; x_wconf 90' lang='lat' dir='ltr'><strong>omnes</strong></span> <span class='ocrx_word' id='word_1_458' title='bbox 887 3624 973 3682; x_wconf 90' lang='lat' dir='ltr'><strong>quales</strong></span> <span class='ocrx_word' id='word_1_459' title='bbox 991 3636 1035 3682; x_wconf 82' lang='lat' dir='ltr'><strong>ego</strong></span> <span class='ocrx_word' id='word_1_460' title='bbox 1052 3626 1245 3683; x_wconf 79' lang='lat' dir='ltr'><strong>propugnatores</strong></span> 
     </span>
     <span class='ocr_line' id='line_1_49' title="bbox 158 3688 1246 3751; baseline -0.001 -13"><span class='ocrx_word' id='word_1_461' title='bbox 158 3702 271 3738; x_wconf 86' lang='lat' dir='ltr'><strong>sermone</strong></span> <span class='ocrx_word' id='word_1_462' title='bbox 283 3692 386 3740; x_wconf 81' lang='lat' dir='ltr'><strong>verbnm</strong></span> <span class='ocrx_word' id='word_1_463' title='bbox 397 3692 456 3750; x_wconf 76' lang='lat' dir='ltr'><strong>liei,</strong></span> <span class='ocrx_word' id='word_1_464' title='bbox 468 3689 513 3738; x_wconf 90' lang='lat' dir='ltr'><strong>sed</strong></span> <span class='ocrx_word' id='word_1_465' title='bbox 520 3689 610 3736; x_wconf 90' lang='lat' dir='ltr'><strong>intimo</strong></span> <span class='ocrx_word' id='word_1_466' title='bbox 618 3688 693 3736; x_wconf 89' lang='lat' dir='ltr'><strong>eorde</strong></span> <span class='ocrx_word' id='word_1_467' title='bbox 718 3691 853 3750; x_wconf 89' lang='lat' dir='ltr'><strong>requiram,</strong></span> <span class='ocrx_word' id='word_1_468' title='bbox 864 3691 906 3751; x_wconf 89' lang='lat' dir='ltr'><strong>qui</strong></span> <span class='ocrx_word' id='word_1_469' title='bbox 920 3703 1071 3750; x_wconf 75' lang='lat' dir='ltr'><strong>propugnare</strong></span> <span class='ocrx_word' id='word_1_470' title='bbox 1081 3691 1188 3751; x_wconf 88' lang='lat' dir='ltr'><strong>possint,</strong></span> <span class='ocrx_word' id='word_1_471' title='bbox 1198 3691 1246 3737; x_wconf 88' lang='lat' dir='ltr'><strong>iur-</strong></span> 
     </span>
     <span class='ocr_line' id='line_1_50' title="bbox 158 3756 1292 3820; baseline 0.005 -17"><span class='ocrx_word' id='word_1_472' title='bbox 158 3757 303 3806; x_wconf 90' lang='lat' dir='ltr'><strong>eructarunt</strong></span> <span class='ocrx_word' id='word_1_473' title='bbox 321 3759 348 3805; x_wconf 93' lang='lat' dir='ltr'><strong>in</strong></span> <span class='ocrx_word' id='word_1_474' title='bbox 367 3757 521 3806; x_wconf 84' lang='lat' dir='ltr'><strong>confessione</strong></span> <span class='ocrx_word' id='word_1_475' title='bbox 537 3756 693 3817; x_wconf 86' lang='lat' dir='ltr'><strong>constantes,</strong></span> <span class='ocrx_word' id='word_1_476' title='bbox 718 3771 827 3818; x_wconf 70' lang='lat' dir='ltr'><strong>pugnare</strong></span> <span class='ocrx_word' id='word_1_477' title='bbox 838 3772 889 3806; x_wconf 93' lang='lat' dir='ltr'><strong>nou</strong></span> <span class='ocrx_word' id='word_1_478' title='bbox 897 3761 998 3808; x_wconf 90' lang='lat' dir='ltr'><strong>soleant.</strong></span> <span class='ocrx_word' id='word_1_479' title='bbox 1010 3761 1059 3808; x_wconf 89' lang='lat' dir='ltr'><strong>llos</strong></span> <span class='ocrx_word' id='word_1_480' title='bbox 1070 3772 1114 3820; x_wconf 78' lang='lat' dir='ltr'><strong>ego</strong></span> <span class='ocrx_word' id='word_1_481' title='bbox 1125 3759 1245 3819; x_wconf 85' lang='lat' dir='ltr'><strong>adquisivi</strong></span> <span class='ocrx_word' id='word_1_482' title='bbox 1288 3799 1292 3809; x_wconf 93' lang='lat'><em>.</em></span> 
     </span>
     <span class='ocr_line' id='line_1_51' title="bbox 157 3826 1245 3888; baseline -0.002 -15"><span class='ocrx_word' id='word_1_483' title='bbox 157 3826 185 3873; x_wconf 85' lang='lat' dir='ltr'><strong>tn</strong></span> <span class='ocrx_word' id='word_1_484' title='bbox 193 3827 310 3886; x_wconf 91' lang='lat' dir='ltr'><strong>martyrio</strong></span> <span class='ocrx_word' id='word_1_485' title='bbox 320 3829 516 3886; x_wconf 83' lang='lat' dir='ltr'><strong>perseverantes.</strong></span> <span class='ocrx_word' id='word_1_486' title='bbox 719 3827 766 3875; x_wconf 91' lang='lat' dir='ltr'><strong>tibi</strong></span> <span class='ocrx_word' id='word_1_487' title='bbox 773 3859 781 3885; x_wconf 92' lang='lat'><strong>,</strong></span> <span class='ocrx_word' id='word_1_488' title='bbox 788 3827 858 3887; x_wconf 91' lang='lat' dir='ltr'><strong>plebs</strong></span> <span class='ocrx_word' id='word_1_489' title='bbox 866 3827 1112 3888; x_wconf 88' lang='lat' dir='ltr'><strong>saneta,quiprosint</strong></span> <span class='ocrx_word' id='word_1_490' title='bbox 1119 3826 1245 3883; x_wconf 88' lang='lat' dir='ltr'><strong>omuibus,</strong></span> 
     </span>
    </p>
   </div>
   <div class='ocr_carea' id='block_1_3' title="bbox 152 3895 1245 4042">
    <p class='ocr_par' dir='ltr' id='par_1_3' title="bbox 152 3895 1245 4042">
     <span class='ocr_line' id='line_1_52' title="bbox 152 3895 1245 3987; baseline 0.001 -19"><span class='ocrx_word' id='word_1_491' title='bbox 152 3978 157 3987; x_wconf 90' lang='lat'><strong>.</strong></span> <span class='ocrx_word' id='word_1_492' title='bbox 176 3896 216 3975; x_wconf 73' lang='lat'><strong>,7’</strong></span> <span class='ocrx_word' id='word_1_493' title='bbox 227 3896 316 3976; x_wconf 32' lang='lat' dir='ltr'><strong>”Mitis</strong></span> <span class='ocrx_word' id='word_1_494' title='bbox 331 3898 439 3956; x_wconf 60' lang='lat' dir='ltr'><strong>psalmus</strong></span> <span class='ocrx_word' id='word_1_495' title='bbox 453 3898 533 3944; x_wconf 65' lang='lat' dir='ltr'>lectus</span> <span class='ocrx_word' id='word_1_496' title='bbox 543 3895 623 3979; x_wconf 72' lang='lat' dir='ltr'><strong>dieii:</strong></span> <span class='ocrx_word' id='word_1_497' title='bbox 637 3897 693 3978; x_wconf 49' lang='grc' dir='ltr'><strong>ΩΨ</strong></span> <span class='ocrx_word' id='word_1_498' title='bbox 742 3940 830 3976; x_wconf 75' lang='lat' dir='ltr'><strong>‘orario</strong></span> <span class='ocrx_word' id='word_1_499' title='bbox 846 3938 887 3977; x_wconf 85' lang='lat' dir='ltr'><strong>boc</strong></span> <span class='ocrx_word' id='word_1_500' title='bbox 901 3939 947 3977; x_wconf 86' lang='lat' dir='ltr'><strong>loce</strong></span> <span class='ocrx_word' id='word_1_501' title='bbox 964 3938 1069 3977; x_wconf 86' lang='lat' dir='ltr'><strong>dicuntur</strong></span> <span class='ocrx_word' id='word_1_502' title='bbox 1082 3933 1180 3977; x_wconf 67' lang='lat' dir='ltr'><strong>sudariat</strong></span> <span class='ocrx_word' id='word_1_503' title='bbox 1195 3939 1245 3967; x_wconf 81' lang='lat' dir='ltr'><strong>nam</strong></span> 
     </span>
     <span class='ocr_line' id='line_1_53' title="bbox 161 3966 1245 4042; baseline 0.008 -31"><span class='ocrx_word' id='word_1_504' title='bbox 161 3967 349 4012; x_wconf 69' lang='lat' dir='ltr'><strong>mobommai</strong></span> <span class='ocrx_word' id='word_1_505' title='bbox 362 3966 426 4012; x_wconf 81' lang='lat' dir='ltr'><strong>Deos</strong></span> <span class='ocrx_word' id='word_1_506' title='bbox 435 3967 528 4022; x_wconf 79' lang='lat' dir='ltr'><strong>noster,</strong></span> <span class='ocrx_word' id='word_1_507' title='bbox 540 3978 581 4024; x_wconf 81' lang='lat' dir='ltr'><strong>qm</strong></span> <span class='ocrx_word' id='word_1_508' title='bbox 596 3978 622 4013; x_wconf 84' lang='lat' dir='ltr'><strong>m</strong></span> <span class='ocrx_word' id='word_1_509' title='bbox 642 3967 696 4013; x_wconf 80' lang='lat' dir='ltr'><strong>altre</strong></span> <span class='ocrx_word' id='word_1_510' title='bbox 720 3993 799 4042; x_wconf 78' lang='lat' dir='ltr'><strong>alioqui</strong></span> <span class='ocrx_word' id='word_1_511' title='bbox 815 3997 865 4031; x_wconf 66' lang='lat' dir='ltr'><strong>„m</strong></span> <span class='ocrx_word' id='word_1_512' title='bbox 879 3995 943 4032; x_wconf 56' lang='lat' dir='ltr'><strong>„hm</strong></span> <span class='ocrx_word' id='word_1_513' title='bbox 959 3992 1030 4032; x_wconf 82' lang='lat' dir='ltr'><strong>oraria</strong></span> <span class='ocrx_word' id='word_1_514' title='bbox 1046 3991 1068 4029; x_wconf 67' lang='lat' dir='ltr'><strong>y„</strong></span> <span class='ocrx_word' id='word_1_515' title='bbox 1083 3984 1245 4028; x_wconf 52' lang='lat' dir='ltr'><strong>stercoralibus</strong></span> 
     </span>
    </p>
   </div>
   <div class='ocr_carea' id='block_1_4' title="bbox 163 4029 857 4101">
    <p class='ocr_par' dir='ltr' id='par_1_4' title="bbox 163 4029 857 4101">
     <span class='ocr_line' id='line_1_54' title="bbox 163 4029 857 4101; baseline 0.009 -23"><span class='ocrx_word' id='word_1_516' title='bbox 163 4029 256 4093; x_wconf 62' lang='lat' dir='ltr'><strong>latitet</strong></span> <span class='ocrx_word' id='word_1_517' title='bbox 262 4062 271 4090; x_wconf 90' lang='lat'><strong>,</strong></span> <span class='ocrx_word' id='word_1_518' title='bbox 282 4033 304 4101; x_wconf 82' lang='lat' dir='ltr'><strong>et</strong></span> <span class='ocrx_word' id='word_1_519' title='bbox 319 4031 419 4080; x_wconf 81' lang='lat' dir='ltr'><strong>bomilia</strong></span> <span class='ocrx_word' id='word_1_520' title='bbox 430 4031 523 4092; x_wconf 84' lang='lat' dir='ltr'><strong>respicit</strong></span> <span class='ocrx_word' id='word_1_521' title='bbox 537 4031 628 4081; x_wconf 71' lang='lat' dir='ltr'><strong>irr‘ooelo</strong></span> <span class='ocrx_word' id='word_1_522' title='bbox 639 4035 662 4083; x_wconf 87' lang='lat' dir='ltr'><strong>et</strong></span> <span class='ocrx_word' id='word_1_523' title='bbox 672 4035 697 4083; x_wconf 84' lang='lat' dir='ltr'><strong>in</strong></span> <span class='ocrx_word' id='word_1_524' title='bbox 720 4044 857 4084; x_wconf 73' lang='lat' dir='ltr'><strong>indumentis</strong></span> 
     </span>
    </p>
   </div>
   <div class='ocr_carea' id='block_1_5' title="bbox 0 0 1404 4800">
    <p class='ocr_par' dir='ltr' id='par_1_5' title="bbox 0 0 1404 4800">
     <span class='ocr_line' id='line_1_55' title="bbox 0 0 1404 4800; baseline 0 0"><span class='ocrx_word' id='word_1_525' title='bbox 0 0 1404 4800; x_wconf 95' lang='lat' dir='ltr'><strong> </strong></span> 
     </span>
    </p>
   </div>
  </div>
 </body>
</html>
