2760 4800
143 382 189 434 oio
425 395 430 403 “
533 377 653 424 saucii
671 374 831 422 nunnosll

144 468 197 527 ipsa
217 462 332 525 pervenit
358 456 494 510 diuinitatis
516 459 628 517 secreta,
646 455 672 504 ot
696 451 997 515 lexuersnooinsculpta
1006 453 1228 514 tabulis,noca2ro

144 526 672 588 rnaniiestatasibicopnoritoccultusapion-
697 525 787 584 incisa,
799 523 843 572 sed
857 523 976 584 impressa
993 523 1138 583 mentibus,
1156 523 1227 584 atquc

145 599 360 658 tiaelSolusigitor
368 597 481 657 sapiens,
492 595 535 657 qui
549 595 611 642 duce
619 595 671 641 Deo
697 594 773 641 infixa
780 592 1009 652 sensibus3qoando
1017 591 1118 652 sapiens
1126 603 1177 639 non
1184 589 1226 638 sub

144 682 202 718 usus
212 669 250 718 est
267 668 298 716 ad
308 660 672 726 cognoscendaveritatiscubi-
696 665 768 722 lege,
779 662 822 709 sed
833 661 886 721 ipse
896 660 944 708 sibi
961 662 1005 708 lex
1022 660 1075 721 est,
1087 672 1151 720 opos
1168 659 1227 720 lepis
1266 663 1270 669 '

144 735 194 797 lia,
208 736 235 785 et
248 735 358 783 mortalis
377 733 450 781 bomo
465 730 610 779 immortalis
624 730 672 779 Dei
696 732 723 780 in
740 730 812 779 corde
827 743 871 779 suo
892 729 1035 789 continens,
1055 729 1167 777 naturali
1182 725 1227 776 sibi

144 803 223 852 bures
230 802 256 850 et
264 813 387 850 successor
393 800 431 847 est
437 796 671 858 lactospergratiam
696 800 759 859 stylo
769 799 796 847 et
805 799 910 859 quadam
918 791 1079 858 inscriptione
1087 794 1226 845 formatum.

144 872 171 920 ct
180 870 279 931 quidam
285 868 446 929 iucunditatis
461 867 597 927 particeps,
608 866 672 912 sicot
697 868 835 916 Tantumne
853 868 929 928 igitur
940 867 1058 916 caecitatis
1071 866 1126 925 est,
1141 865 1227 914 utnon

144 938 327 1001 scriptumest:
341 939 468 997 Propterea
479 937 548 983 auxil
558 938 579 982 le
594 937 671 990 Deos,
697 936 823 985 videamus
837 929 979 985 manifestas
992 947 1079 984 rerum
1090 933 1228 996 expicssio-

144 1011 207 1057 Deio
220 1010 291 1064 loos,
309 1007 358 1055 oleo
370 1006 454 1053 loetittoe
469 1002 672 1065 proconsortlboa
697 1017 754 1065 nos,
766 1007 792 1054 et
813 1004 935 1054 virtutum
954 1002 1135 1066 imaginestlit
1156 1014 1228 1064 quam

144 1078 199 1126 tuto.
470 1136 472 1139 .
697 1073 837 1133 iudignum,
851 1073 880 1122 ut
897 1073 982 1134 populi
997 1072 1092 1132 integri
1112 1069 1228 1138 obediant

175 1144 214 1194 30.
226 1142 313 1206 Siquis
323 1142 505 1205 igiturpropius
516 1154 546 1190 ca
555 1135 672 1200 introspi·
697 1144 922 1203 humanislegibus,
933 1137 1227 1205 quosintlibcrtatispar·

144 1215 292 1263 clatrorum
307 1215 421 1274 negotia,
437 1212 565 1271 cognoscet
581 1209 671 1270 quanta
697 1211 784 1273 tieipes
805 1226 813 1262 a
834 1211 960 1273 sapientes
984 1213 1070 1261 autem
1086 1221 1172 1260 veram
1192 1211 1229 1257 lc-

142 1283 250 1345 sapienti
263 1283 417 1341 adiumenta,
434 1283 461 1330 et
471 1280 562 1342 quanta
573 1281 599 1326 io
610 1279 670 1340 ipsis
696 1293 751 1338 gem
766 1282 860 1330 naturas
879 1293 1021 1342 expressam
1043 1281 1076 1328 ad
1094 1279 1228 1339 imaginem

144 1350 272 1411 insipienti
283 1350 461 1410 tetraplasint3
476 1348 542 1409 quod
554 1347 611 1394 huic
627 1347 670 1394 ad·
696 1349 756 1408 Dei,
776 1363 909 1410 veramque
930 1349 1068 1408 rationem,
1086 1341 1228 1408 signiferam

144 1418 253 1475 iumento
262 1417 421 1478 libertas‚illi
432 1416 609 1477 impedimento
619 1427 672 1462 ser·
696 1418 819 1468 libertatis
846 1415 971 1479 negligant
990 1418 1016 1465 et
1035 1415 1228 1476 derelinquant3

145 1488 212 1536 vitus
221 1487 262 1536 sit.
282 1486 387 1545 Insurgit
404 1486 472 1533 enim
488 1484 586 1544 sapiens
602 1481 672 1543 quast
696 1499 753 1534 cunr
763 1488 790 1534 in
800 1489 907 1536 catania
917 1487 1019 1535 libertas
1029 1484 1076 1544 sit,
1091 1486 1122 1532 ut
1131 1482 1228 1545 parvuli

144 1554 223 1604 victor
233 1555 363 1602 debellatis
373 1566 422 1602 aso
436 1566 465 1601 ac
474 1552 632 1630 triumphatis
642 1551 673 1597 li·
697 1556 788 1603 servire
796 1556 865 1604 vitiis
875 1557 1028 1616 nesciamus,
1039 1555 1117 1603 alieni
1135 1552 1167 1601 ab
1179 1552 1228 1611 ira,

144 1619 670 1682 bidineptimore,ignavia‚moestrtudine,
697 1624 807 1673 exsortes
832 1625 959 1684 avaritia,
989 1623 1071 1684 ignari
1102 1614 1229 1669 libidinis!

145 1690 289 1751 caeterisque
307 1690 392 1750 vitiis3
403 1690 481 1737 donec
493 1701 523 1737 ea
533 1689 564 1737 de
575 1701 671 1748 posses·
696 1693 775 1750 Quam
784 1693 901 1741 miserum
912 1694 1001 1753 igitur,
1012 1692 1042 1740 ut
1051 1686 1097 1752 qui
1104 1689 1229 1738 nascimur

145 1759 214 1807 sione
224 1771 274 1807 suae
282 1758 372 1808 mentis
382 1759 508 1816 eliminet,
521 1757 547 1805 et
557 1758 671 1805 omnibus
697 1759 723 1808 in
734 1760 864 1820 libertate,
875 1762 1009 1808 moriamur
1020 1759 1047 1807 in
1057 1755 1199 1807 serrilntsi

144 1827 400 1888 terminisfinibosquo
409 1822 670 1886 suispropulsetatque
726 1830 765 1877 55.
778 1829 826 1877 Sed
834 1830 880 1877 hoe
890 1829 918 1878 ot
927 1824 1030 1879 levitate
1045 1826 1140 1886 animi,
1155 1827 1228 1886 atquc

145 1897 227 1945 arceat
236 1911 243 1944 ε
252 1897 367 1958 quoniam
377 1896 428 1944 dux
438 1894 533 1944 cautior
546 1893 617 1942 norit
628 1906 672 1941 ex·
697 1895 839 1946 intinniiate
856 1910 967 1957 morum3
981 1889 1040 1957 quia
1056 1907 1130 1943 curas
1144 1891 1229 1942 inanes

146 1978 231 2014 cursus
242 1978 329 2013 cavere
344 1963 556 2020 latrocinantium,
568 1964 594 2010 et
604 1975 672 2022 quae·
696 1966 831 2026 solvimus,
853 1968 879 2015 et
897 1976 1026 2027 operamur
1053 1971 1226 2024 supervacuas
1267 2000 1269 2004 .

145 2034 202 2082 darn
212 2035 275 2082 torta
283 2032 417 2094 belli,quae
425 2031 573 2092 iniquissimi
584 2025 671 2078 anima
696 2034 813 2093 sapientis
828 2035 912 2083 autem
926 2046 981 2092 cor,
990 2033 1124 2093 actumque
1134 2033 1228 2091 etopus

145 2105 234 2152 nostras
252 2102 385 2151 adversarii
402 2101 486 2161 ignitis
495 2113 560 2160 saepe
570 2100 672 2160 perten·
695 2104 831 2152 radicatum
842 2118 896 2153 esse
914 2104 986 2152 decet
998 2104 1074 2163 atque
1090 2101 1226 2149 immobile.

145 2170 200 2220 tant
210 2172 324 2232 spiculis3
333 2171 391 2220 sunt
404 2171 470 2218 enim
481 2170 551 2218 nobis
561 2170 672 2229 quaedam
696 2175 746 2221 llos
765 2166 848 2220 docuit
862 2174 970 2233 Moyses,
984 2170 1084 2231 quando
1102 2181 1191 2220 manus
1203 2166 1227 2216 ei

146 2241 173 2289 ct
181 2241 208 2289 in
218 2253 278 2301 pace
285 2240 416 2301 praelia,st
424 2239 450 2286 tn
459 2239 525 2287 bello
532 2251 590 2298 pax.
602 2238 671 2285 Unde
696 2241 819 2300 graviores
829 2241 934 2299 fiebant,
949 2241 1023 2288 itaut
1038 2240 1085 2287 rix
1095 2237 1226 2287 sustineret

146 2310 172 2358 ct
181 2309 224 2357 ille
235 2310 269 2357 ait
281 2322 287 2356 a
298 2310 367 2356 Foris
381 2320 478 2369 pupae,
490 2309 554 2355 iratus
569 2308 670 2354 timores.
697 2322 738 2357 eas
753 2311 823 2357 lesos
833 2311 912 2358 Nave.
925 2308 1032 2368 ideoque
1050 2305 1169 2355 vincebat
1183 2315 1226 2364 po-

145 2377 191 2423 Sed
205 2377 230 2423 io
248 2377 284 2424 lais
301 2374 408 2422 erunibus
424 2386 560 2432 superamus
578 2375 672 2432 propter
697 2380 782 2438 polus,
802 2379 902 2440 quando
912 2391 961 2426 non
979 2375 1150 2437 perfunctoria
1160 2386 1226 2435 pere·

145 2456 215 2500 eum,
231 2445 273 2503 out
288 2444 369 2490 dilemt
379 2455 430 2489 uos·
442 2440 508 2488 Dicit
523 2438 581 2500 qula
591 2451 671 2499 neque
697 2447 787 2494 bantur
793 2459 880 2508 opera,
891 2447 934 2495 sed
944 2448 1017 2506 plena
1025 2443 1145 2506 ponderis
1154 2443 1224 2503 atquo

127 2551 128 2554 =
145 2510 279 2571 dntlsstisss
290 2522 370 2569 ”elue
389 2504 615 2569 Persecuffissffillls
626 2521 671 2556 1¹0·
696 2516 810 2575 virtutis,
822 2529 870 2564 oon
881 2516 990 2564 nutantis
1006 2515 1087 2562 animi
1103 2526 1151 2563 nee
1165 2512 1225 2560 titu-

145 2591 195 2640 qus
205 2580 284 2638 lame,
295 2577 419 2638 periculo,
428 2577 507 2624 morte
524 2577 640 2624 terretur.
696 2582 777 2630 baritis
787 2583 891 2642 allecto,
903 2583 945 2630 sed
953 2580 1060 2629 fundatas
1071 2580 1165 2628 mentis
1179 2579 1225 2626 sta·

176 2648 216 2696 sl.
226 2648 272 2706 Qui
282 2659 341 2695 vero
352 2646 404 2695 baec
419 2645 503 2704 timot,
515 2645 557 2706 qui
568 2646 672 2693 moriem
697 2651 802 2698 bililale.
813 2653 874 2712 Ergo
892 2650 989 2711 sapiens
1010 2649 1126 2698 extendit
1141 2659 1224 2697 manus

145 2714 672 2776 reformidat,quomodononservustServit
696 2732 765 2781 suas,
784 2720 874 2768 stultus
896 2721 980 2767 aulem
1001 2716 1141 2776 contrahit,
1161 2715 1223 2764 sicut

145 2785 269 2849 proiecto,
280 2783 307 2833 et
322 2785 437 2833 miseram
454 2783 554 2845 quidem
565 2783 672 2832 servitu·
696 2787 860 2846 scriptumest
870 2801 876 2834 a
885 2790 946 2849 Quia
955 2789 1038 2836 stultus
1049 2787 1185 2847 complexos
1194 2785 1224 2832 est

145 2853 287 2916 tem3nibil
297 2854 364 2902 enim
374 2853 410 2901 sic
420 2853 525 2900 animam
534 2851 564 2900 ad
574 2863 671 2898 omnem
696 2869 781 2904 manas
798 2870 873 2914 suos,
901 2860 924 2905 et
948 2857 1038 2904 voravit
1058 2857 1151 2903 nucero
1167 2867 1222 2909 suo,

145 2924 290 2974 servitutem
309 2921 407 2980 deiicit,
430 2921 550 2982 quomodo
568 2918 670 2969 formido
696 2925 802 2973 carnalia
812 2925 1002 2985 magiscogitaos
1009 2935 1085 2984 qoam
1094 2921 1222 2982 spiritalia.

145 2993 239 3042 mortis.
250 2991 375 3051 Quomodo
385 2988 451 3039 enim
463 3003 490 3038 se
501 2990 579 3051 erigat
588 2989 672 3047 abjec·
696 2992 726 3040 nt
742 3005 793 3041 non
802 2993 852 3040 lilia
862 2994 939 3053 luda,
949 3006 1005 3054 quas
1015 2992 1163 3052 expandens
1172 3003 1222 3038 ma·

145 3062 185 3112 tus
196 3063 221 3111 et
231 3062 291 3111 vilis
301 3073 386 3109 sensus
395 3061 469 3120 atque
484 3060 615 3120 ignobilis,
626 3059 672 3108 de·
695 3073 757 3120 nos,
779 3061 895 3109 clamavit
914 3060 945 3108 ad
964 3060 1114 3107 Dominumz
1128 3061 1166 3106 lic
1181 3056 1224 3105 so'c

145 3131 372 3181 mersusinomnsm
378 3129 670 3189 infirmitatisvoraginem
696 3131 751 3190 puta
761 3129 848 3187 fabum
858 3130 1013 3178 testimouium
1026 3128 1135 3176 adsersus
1143 3138 1180 3172 me
1189 3126 1223 3172 dt·

146 3200 204 3250 vitae
218 3199 293 3258 liujus
304 3197 453 3259 cupiditate?
463 3198 525 3245 Vide
535 3211 609 3258 qoam
619 3212 671 3246 ser·
695 3201 758 3246 cont.
769 3198 857 3246 Melius
867 3198 905 3246 est
914 3196 1030 3245 arbitrata
1041 3207 1092 3244 non
1106 3205 1222 3256 peccare,

144 3280 192 3318 vos
203 3281 210 3314 τ
222 3268 368 3316 Abscondunt
384 3279 421 3314 me
426 3296 435 3324 ‚
446 3264 542 3326 inquit,
552 3267 574 3313 ct
584 3280 624 3314 ero
635 3281 671 3326 pe·
695 3267 775 3315 sedet
795 3265 905 3314 incidere
915 3267 942 3313 in
957 3265 1095 3313 calumnias
1106 3263 1223 3312 accusor*

145 3338 239 3385 memet
255 3337 353 3382 tremens
367 3348 436 3394 saper
449 3336 555 3394 lamasba
573 3337 596 3381 el
612 3337 670 3393 erit,
696 3338 856 3396 tiom‚quam
873 3334 1003 3396 peccatum
1019 3332 1103 3380 subire
1113 3333 1161 3380 sub
1177 3333 1223 3380 im·

146 3401 434 3460 omuuqmmoemrume,
444 3402 670 3461 occlusioremque
695 3405 814 3467 punitatis
830 3405 971 3454 velamine..
980 3405 1014 3450 Ea
1029 3414 1087 3462 ergo
1097 3400 1224 3450 contemto

145 3468 214 3531 quasi
223 3479 309 3515 servus
316 3467 411 3526 sianum
419 3467 579 3526 occasiones
587 3469 622 3516 su
632 3471 670 3518 ta-
695 3473 780 3522 mortis
799 3472 907 3521 servavit
923 3469 1099 3520 sarmentum.
1117 3470 1223 3518 sennes

146 3534 671 3598 mennecempotuiteradere.Servitigitur
695 3542 860 3603 filialephte,
870 3554 925 3601 quas
935 3541 1020 3589 votum
1037 3538 1115 3598 patris
1133 3537 1166 3586 de
1177 3539 1224 3585 im·

146 3609 258 3667 peccator
268 3605 410 3665 formidini,
420 3603 497 3655 servit
512 3605 588 3653 etiam
599 3603 670 3667 eupi-
695 3611 827 3658 molatiooe
836 3621 880 3658 soa
890 3609 989 3669 proprio
1003 3608 1078 3669 atque
1088 3606 1225 3656 hortatorio

146 3743 222 3794 servit
231 3744 330 3791 malitias
339 3777 347 3803 ‚
357 3742 585 3804 scroitiracundiae,
596 3746 622 3793 et
631 3745 670 3795 ri·
710 3748 714 3755 “
725 3745 822 3794 duilon
830 3744 897 3794 enim
908 3757 953 3804 ego
962 3740 993 3790 de
1000 3742 1127 3792 contemto
1139 3743 1225 3792 mortis

146 3810 219 3860 detur
229 3810 367 3871 hujusmodi
384 3811 433 3860 sibi
448 3811 528 3860 libera
539 3813 583 3860 sed
593 3814 671 3874 magis
695 3810 1227 3872 librospbilosophorumdepromemutpym·

147 3879 236 3938 seruit,
248 3891 321 3939 quam
331 3879 351 3925 si
360 3879 405 3925 sub
414 3879 526 3938 tyrannis
535 3880 639 3940 positos.
695 3879 847 3940 nosopliistas
857 3879 985 3940 ludorum,
995 3891 1099 3939 quorum
1114 3893 1168 3938 prae
1180 3893 1226 3928 cae·

177 3945 216 3996 δί.
224 3946 262 3995 11Ιί
271 3946 352 3994 autem
363 3944 435 3993 liberi
446 3946 567 4005 suot,qoi
576 3946 671 4006 legibus
695 3947 1109 4008 terisCalonilaudaturresponsum
1115 3948 1227 3995 Alexan·

148 4013 244 4068 linunt.
259 4014 311 4066 Lex
321 4013 403 4085 autom
414 4023 473 4064 vora
483 4025 562 4062 sermo
574 4016 670 4077 rectus,
696 4015 753 4078 dro,
766 4027 822 4065 com
833 4028 888 4065 eum
898 4015 998 4076 juborot
1007 4016 1077 4078 sequi
1090 4029 1096 4061 z
1107 4015 1163 4074 Quo
1173 4027 1230 4078 ms,
