2760 4800
464 382 713 427 arrsronanuu
727 383 857 428 cnissis
876 384 894 427 1.
1010 358 1017 369 “
1177 377 1232 427 aso:
1326 369 1331 377 '

142 461 279 511 lexitillam
285 461 434 523 columbam,
445 475 499 527 quae
507 477 601 511 ramum
610 464 671 511 oleae
697 464 722 511 ot
733 463 826 523 Aaron,
837 464 864 512 et
878 461 994 521 llariam,
1011 461 1037 510 et
1047 461 1153 522 primum
1164 460 1222 518 ille,

142 531 234 578 detulit
254 531 309 591 post
327 530 458 578 diluvium.
480 532 525 577 llla
545 533 614 578 euim
632 543 672 578 co·
696 532 738 590 qui
750 530 898 589 spoliaverat
914 531 1028 587 exulem,
1039 531 1156 589 spoliatus
1169 529 1223 589 ipse

142 599 227 646 lamba
237 599 323 658 postea
334 598 476 657 descendit,
495 612 551 646 cum
562 599 672 647 Christus
698 600 743 646 est.
755 600 810 657 Tu,
826 598 871 658 qui
889 599 1004 653 amiseras
1021 600 1077 656 tua,
1095 599 1223 658 adquisisti

142 665 322 724 baptizaretur,
333 664 359 711 et
373 665 464 713 mansit
473 679 548 725 super
558 678 630 726 eum,
641 666 673 712 ai·
698 667 794 723 aliena,
806 667 923 713 liberatus
941 666 971 712 ab
987 665 1097 713 hostibus
1119 668 1225 714 circum·

144 734 187 780 cut
197 734 225 780 in
235 733 369 793 Evangelio
385 733 489 781 testatur
498 734 620 781 lohannes
636 735 673 781 di·
697 734 860 792 vallantibus,
883 734 956 792 atque
968 733 1034 780 inter
1048 746 1122 794 aquas
1132 735 1225 784 medias

143 813 202 849 cens
222 813 229 848 ε
250 803 311 862 Quin
321 803 368 849 vidi
381 796 495 861 Spiritum
505 803 672 848 descendentem
697 802 765 849 tutus
776 803 881 861 stragem
899 800 984 850 vidisti
996 802 1152 850 inimicorum
1170 805 1226 861 tuo-

141 870 466 930 dc-ooelopooatcolambam,
478 872 674 930 etmaoaitaaper
698 883 768 929 rum,
786 884 842 918 cum
861 871 946 918 eadem
965 871 1044 931 unda,
1064 884 1119 931 quae
1136 873 1162 918 te
1179 874 1226 920 cir·

142 951 206 985 eam.
224 937 350 994 Quomodo
369 949 427 996 ergo
439 937 504 984 vidit
522 937 672 996 columbam,
698 939 808 985 eumtusa
828 938 991 998 provexerat,
1024 939 1119 986 hostem
1144 941 1228 989 retusa

142 1006 185 1065 qui
196 1016 244 1051 non
252 1004 473 1063 viditeum,super
482 1017 556 1065 quem
567 1005 673 1064 Spiritus
698 1005 860 1066 demergeret.
880 1007 964 1053 Nonne
985 1018 1042 1053 cum
1057 1007 1103 1053 tibi
1120 1020 1166 1066 per
1181 1009 1226 1056 de·
1280 1045 1283 1048 .
1329 984 1336 991 ⁸

142 1071 213 1133 quasi
225 1072 338 1120 columba
350 1073 496 1139 descendit?
697 1075 791 1122 sertum
816 1075 928 1122 venienti
954 1076 1072 1123 alimenta
1099 1077 1226 1136 deessent,

172 1141 213 1189 22.
231 1141 368 1189 »Ecclesia
382 1142 496 1200 igituret
514 1144 581 1204 lavat
597 1143 673 1203 pedes
691 1136 810 1190 'altricem
821 1143 868 1190 tibi
883 1143 1010 1202 pluriam,
1025 1144 1051 1189 et
1061 1147 1225 1205 commeatus,

142 1209 247 1269 christi,
264 1210 291 1257 et
301 1209 399 1268 capillis
415 1210 466 1256 suia
477 1211 565 1271 tergit,
582 1213 608 1258 et
618 1212 673 1258 oleo
698 1224 852 1270 quocumque
864 1224 993 1271 pergeres,
1010 1211 1164 1260 circumfluos
1178 1215 1238 1261 mi·-

143 1277 228 1336 ungit,
239 1276 398 1337 etperiundit
408 1281 545 1339 unguent03
557 1280 671 1339 quianon
698 1280 816 1326 uistravi?
826 1282 910 1341 Nonne
922 1282 962 1338 te,
974 1281 1106 1328 debellatis
1118 1282 1227 1329 inimicis

142 1349 221 1395 solum
229 1347 323 1394 saucios
331 1347 410 1406 curat,
421 1350 446 1394 et
457 1350 531 1396 lassos
540 1349 673 1409 tovet;ve·
698 1348 825 1405 ominibus,
849 1348 876 1395 in
891 1349 1018 1407 regionem
1041 1348 1168 1408 botryonis
1185 1350 1227 1395 in·
1267 1370 1269 1373 v

143 1428 198 1462 rum
207 1416 283 1462 etiam
291 1416 359 1462 suavi
370 1415 531 1474 gratiaeodore
537 1419 669 1477 respergit:
697 1415 774 1462 ‹luxi-r
790 1418 874 1463 Nonne
890 1417 970 1475 ipsum
984 1416 1065 1463 Seiron
1075 1417 1227 1464 Amorrhaeo-

142 1495 191 1531 nec
200 1485 319 1536 divitibus
329 1488 425 1532 tantum
435 1498 463 1532 ac
474 1487 668 1548 potentioribus,
698 1495 752 1529 rum
764 1496 862 1542 regem,
871 1485 917 1530 hoe
929 1485 980 1542 est,
997 1485 1144 1543 superbum,
1155 1496 1227 1531 exas-

142 1553 669 1612 sedetiamplebeiaetamiliaeviriseamdem
697 1552 837 1608 perannum
852 1553 960 1598 ducem:
979 1564 1062 1598 nonne
1077 1564 1161 1610 regem
1180 1553 1225 1598 ilai

142 1620 293 1668 transfundit
301 1622 498 1680 gratiamneque
506 1635 592 1670 omnes
600 1625 669 1672 lance
698 1620 822 1667 viventem
837 1621 884 1667 tibi
899 1620 1005 1678 tradidi,
1021 1633 1094 1680 quem
1110 1620 1226 1668 suffixum

142 1688 282 1748 examinat,
294 1700 378 1735 omues
389 1689 476 1735 eodem
487 1690 544 1736 sinu
553 1693 671 1753 suscipit,
698 1688 763 1746 ligno
780 1701 809 1735 ac
827 1689 950 1736 sublatum
962 1689 988 1736 in
1004 1702 1077 1736 cruce
1094 1690 1228 1737 maledicto

143 1755 232 1802 eodem
243 1757 337 1814 gremio
351 1756 427 1805 toret.
698 1757 784 1805 vetere
795 1756 977 1805 condemnasti?
995 1759 1058 1815 Quid
1073 1758 1153 1806 dicam
1165 1773 1226 1806 caesa

166 1823 213 1869 ᾔ.
226 1824 621 1886 »Semelmortuasclrristusest,
634 1839 672 1874 se·
697 1827 805 1885 quinque
824 1838 910 1884 regum
928 1826 1040 1884 agmina,
1058 1840 1112 1883 quea
1131 1827 1228 1874 debitas

142 1892 673 1954 melsepultusestaetnilrilominusquoti·
698 1894 744 1940 tibi
767 1895 844 1939 terras
863 1905 952 1951 negare
975 1893 1172 1941 contendebant?
1197 1896 1226 1942 Et

142 1960 424 2018 dierultinpedessnos
435 1961 671 2021 mittiunguentum.
698 1974 763 2008 nuuc
774 1973 818 2019 pro
829 1961 867 2008 his
886 1961 999 2007 omnibus
1016 1961 1076 2019 quid
1088 1962 1154 2008 aliud
1170 1974 1184 2008 a
1201 1964 1227 2009 ta

143 2030 240 2090 lnquos
250 2041 308 2088 ergo
315 2030 404 2076 Christi
413 2031 618 2088 pedesmittimus
625 2044 673 2078 nn·
698 2030 825 2090 quaeritur,
846 2030 934 2088 homo,
953 2028 1002 2075 nisi
1020 2030 1048 2075 ut
1069 2029 1144 2076 iacias
1159 2031 1227 2089 judi·

143 2097 279 2157 guentam?
297 2097 375 2144 Pedes
392 2098 482 2145 curisti
493 2098 539 2144 villi
558 2099 633 2155 sunt,
641 2100 671 2145 da
698 2101 764 2147 cium
774 2101 799 2147 et
807 2100 943 2158 iustitiam,
955 2098 981 2143 et
991 2097 1078 2156 diligas
1089 2099 1227 2146 misericor·

143 2165 236 2225 quibus
246 2166 299 2225 ipse
310 2165 370 2212 dicit
381 2179 388 2213 ε
401 2168 466 2228 Quod
476 2169 518 2213 aar·
534 2168 618 2214 boram
627 2169 673 2214 mr·-
698 2169 778 2227 diam,
797 2168 823 2216 et
840 2166 940 2228 paratus
954 2165 987 2213 sis
998 2165 1034 2213 ire
1050 2178 1106 2213 cum
1123 2168 1227 2215 bomine

144 2235 264 2280 almorum
282 2235 379 2292 ferbito,
390 2237 448 2283 mibi
464 2237 556 2295 fecistis.
569 2237 618 2281 llos
629 2248 673 2293 pe·
699 2236 750 2282 Deo
759 2235 816 2284 tuot

144 2301 190 2350 des
204 2303 247 2348 illa
263 2304 354 2350 mulier
369 2304 514 2362 Evangeliea
526 2305 670 2364 refrigerat,
728 2304 767 2350 25.
780 2305 837 2351 »Λᾶ
854 2303 933 2364 ipsum
950 2314 1034 2362 regem
1046 2303 1140 2363 barid,
1155 2303 1224 2351 illum

144 2369 377 2432 hoalacrymissuis
396 2373 493 2432 irrigat3
511 2374 608 2433 quaudo
620 2374 673 2420 inti·
698 2372 768 2430 pium
790 2374 864 2431 atque
888 2373 1060 2431 mansuetum,
1081 2373 1161 2432 qualis
1181 2384 1227 2432 per

143 2438 330 2498 mispeccatum
347 2441 490 2501 remittitur,
511 2443 583 2502 culpa
602 2443 671 2488 lava·
698 2441 791 2487 Nathan
807 2441 953 2500 proplietam
970 2441 1151 2499 expostulatio?
1167 2443 1227 2501 Ego,

141 2507 193 2567 tur,
203 2509 308 2555 donatur
315 2508 476 2567 indulgentia.
488 2513 537 2557 llos
548 2511 624 2569 pedes
634 2525 673 2557 os-
699 2510 793 2570 inquit,
808 2511 833 2557 ie
851 2511 972 2557 minorem
984 2509 1048 2568 elegi
1067 2508 1097 2555 de
1108 2510 1227 2575 iratribus

144 2575 240 2623 colatur
248 2577 306 2636 ille,
327 2577 370 2637 qui
392 2579 468 2626 etiam
487 2579 581 2624 infimos
593 2581 672 2637 plebia
698 2581 746 2626 tuis
757 2593 765 2624 ι
777 2592 822 2637 ego
833 2580 858 2626 te
867 2579 1062 2626 mausuetudinis
1072 2580 1168 2638 repleri
1178 2579 1226 2638 spi-

143 2657 217 2692 sacrae
228 2642 318 2706 diligit.
330 2648 379 2694 ilos
389 2648 465 2706 pedes
471 2648 596 2704 unguento
604 2649 673 2706 ungit
698 2648 748 2694 ritu
759 2661 766 2692 a
778 2659 822 2704 ego
833 2649 858 2694 te
867 2660 912 2705 per
922 2647 1076 2705 Samuelem,
1088 2647 1115 2693 in
1123 2660 1171 2706 quo
1182 2661 1226 2706 ego

142 2711 201 2772 ille,
213 2714 255 2773 qui
269 2713 344 2760 eliam
360 2714 514 2760 tenuioribus
531 2716 675 2760 mansuetu*
699 2728 765 2761 eram
782 2717 807 2761 et
823 2714 1086 2770 meumuomen,unxi
1099 2715 1227 2773 inregem.

143 2779 209 2827 dinis
228 2794 276 2828 suae
292 2780 395 2840 gratiam
411 2782 530 2840 impertit.
548 2783 575 2826 ln
591 2782 629 2827 liis
647 2796 672 2829 se
699 2786 746 2842 Ego
766 2783 806 2841 te,
826 2782 922 2828 sublato
942 2781 985 2827 illo
1008 2793 1065 2839 rege
1085 2783 1228 2843 superiore,

142 2849 276 2909 martyres,
293 2850 319 2895 in
332 2850 371 2895 liis
387 2851 504 2909 apostoli,
521 2851 547 2895 iu
566 2851 604 2897 bis
620 2852 672 2910 ipse
698 2863 772 2912 quem
780 2849 1228 2908 malusspiritusexagitabat,utper·

141 2917 262 2964 Dominus
272 2919 343 2964 lesus
351 2918 465 2964 honorari
476 2918 576 2966 indicat.
677 2932 679 2938 ’
699 2917 1229 2979 sequeretursacerdotesDomini,deexsule

184 2983 224 3031 db.
237 3003 250 3026 a
262 2986 336 3032 Vides
352 2999 426 3045 quam
442 2988 539 3033 moralis
555 2986 673 3034 Dominus
699 2987 746 3033 feci
756 2987 968 3044 triumphatorem,
980 2987 1028 3044 Ego
1040 2986 1070 3033 de
1081 2986 1175 3033 semine
1185 2988 1228 3034 tuo

143 3054 186 3115 sit,
197 3056 225 3101 ut
237 3054 350 3112 exemplo
362 3055 399 3100 sai
410 3055 435 3101 te
447 3056 478 3102 ad
488 3056 606 3114 pietatem
620 3068 674 3114 pro·
699 3057 724 3101 in
733 3056 820 3102 throno
831 3056 873 3102 tuo
882 3067 931 3101 nan
939 3055 1008 3114 prius
1021 3055 1143 3120 haeredem
1154 3068 1227 3114 quam

143 3124 215 3171 vocet
227 3136 234 3168 t
247 3123 346 3169 moralis
356 3123 394 3170 est
412 3124 500 3181 etiam,
512 3137 567 3170 cnm
583 3125 672 3182 arguit.
699 3118 834 3171 consortem
852 3123 938 3170 locari.
957 3124 1005 3182 Ego
1017 3123 1064 3169 tibi
1084 3123 1132 3170 teci
1152 3123 1227 3171 etiam

143 3191 255 3249 Denique
266 3202 382 3238 accusans
399 3191 495 3239 ludaeos
506 3193 540 3238 nit
558 3206 565 3239 a
586 3195 673 3251 Populo
699 3193 847 3250 alienigenas
863 3191 985 3250 subditos,
997 3192 1025 3238 ut
1040 3191 1086 3238 tibi
1104 3192 1226 3252 serviant,

144 3272 209 3306 merra
215 3291 224 3316 ,
235 3260 290 3318 quid
300 3260 345 3318 feci
354 3260 396 3306 tibi
402 3292 410 3316 ,
421 3264 463 3308 out
473 3263 528 3320 qnid
540 3263 673 3310 contristavi
698 3261 740 3320 qui
751 3261 776 3306 te
792 3259 970 3319 impugnabant
985 3272 993 3304 z
1008 3261 1033 3305 et
1051 3261 1079 3306 tu
1090 3260 1229 3309 servientes

144 3330 180 3386 te,
192 3330 232 3375 aot
243 3330 297 3386 qaid
307 3330 416 3376 molestas
433 3330 470 3388 foi
485 3331 527 3377 tibi
534 3330 544 3375 ἒ
555 3333 672 3390 Responde
697 3329 760 3374 milri
771 3329 796 3374 in
803 3329 949 3387 potestatem
955 3328 1063 3375 deduces
1071 3328 1228 3376 inimicorum

144 3396 212 3442 milri.
225 3398 286 3456 Quia
296 3399 368 3443 eduxi
378 3400 436 3444 tede
450 3402 513 3445 terra
524 3402 618 3458 AEgypti
629 3431 637 3455 ,
651 3404 672 3447 et
698 3409 809 3444 meorum
821 3408 829 3442 a
841 3397 868 3444 et
885 3397 913 3444 tu
924 3395 1021 3443 auteres
1037 3398 1102 3455 quod
1113 3400 1165 3444 erat
1175 3411 1228 3446 ser-

146 3465 250 3510 dedomo
268 3466 382 3511 seroitatie
397 3465 524 3513 iiberootte
540 3466 550 3512 ἓ
564 3470 591 3514 at
602 3468 672 3514 addi·
697 3465 836 3524 rulimei,
856 3465 882 3512 in
907 3477 957 3524 quo
976 3466 1002 3512 et
1026 3466 1072 3512 tibi
1097 3468 1228 3525 peecatum

147 3530 184 3577 dit
195 3543 202 3575 ε
214 3532 246 3577 m
263 3533 318 3577 mist
334 3534 387 3577 ente
405 3533 489 3589 faeiem
501 3536 566 3580 tuom
579 3537 673 3592 lloyscn
698 3533 821 3592 inuritur,
839 3535 865 3581 et
876 3534 1003 3581 habebunt
1014 3533 1045 3580 de
1061 3545 1109 3593 quo
1120 3535 1171 3582 mei
1183 3535 1227 3582 ad-

147 3601 169 3646 et
179 3598 262 3646 Aaron
279 3602 300 3646 et
310 3599 431 3646 Mariam?
448 3601 475 3645 ln
488 3603 572 3648 mente
583 3601 672 3648 habeto
700 3602 801 3649 versarii
819 3600 970 3659 glorientur?
997 3656 999 3658 v

143 3666 203 3725 quid
214 3666 357 3726 cogitaverit
375 3667 403 3713 iu
414 3668 440 3714 te
458 3669 545 3726 Baiae,
560 3669 607 3715 boe
623 3670 672 3727 est,
727 3667 767 3714 26.
777 3684 791 3709 a
802 3669 1120 3728 Ergo‚lmperator,ut1'am
1129 3684 1178 3719 non
1191 3683 1228 3718 so·

145 3733 188 3780 ille
205 3735 304 3793 magicae
322 3734 382 3781 artis
400 3748 473 3794 opem
484 3749 596 3795 quaerens
608 3749 615 3783 a
628 3737 671 3784 sed
699 3736 749 3782 lum
763 3735 793 3781 de
811 3735 849 3794 te,
864 3735 992 3783 sedetiam
1006 3738 1035 3783 ad
1046 3739 1071 3786 te
1083 3739 1158 3786 verba
1170 3752 1229 3786 con-

145 3800 229 3847 tamen
249 3813 306 3848 eum
324 3802 370 3848 tibi
388 3814 437 3848 non
453 3803 554 3861 permisi
573 3815 672 3852 nocere.
698 3807 809 3861 rertam3
826 3805 942 3864 quoniam
956 3805 1064 3853 advertis
1080 3821 1153 3867 quam
1171 3819 1227 3865 gra·
1311 3850 1316 3863 ,

144 3869 674 3931 Deprimebarisutiqueinperegrinisexsn·
698 3874 764 3920 viter
780 3873 899 3920 Dominus
920 3875 1054 3922 convenire
1068 3875 1161 3931 soleat,
1178 3887 1226 3931 quo

144 3935 198 3983 laus
215 3936 302 3996 terris,
322 3936 438 3994 gravibus
452 3938 579 3996 urgebaris
589 3939 672 3987 oneri·
698 3941 825 4000 gloriosior
836 3940 915 3988 tactus
925 3954 965 4000 es,
976 3954 1006 3989 eo
1016 3941 1123 4000 amplius
1134 3940 1227 3986 auctori

147 4003 211 4051 busa
225 4005 281 4051 misi
299 4007 356 4051 ante
375 4003 462 4051 taciem
477 4007 544 4052 tuam
561 4006 672 4067 lloysen,
700 4011 742 4057 tuo
753 4009 913 4059 deferendum
930 4012 1037 4059 noveris.
1049 4010 1172 4069 Scriptum
1189 4009 1227 4056 est
