2760 4800
482 409 918 471 srrs'uouiritius'c'tus‘sisi.
1185 426 1246 478 'ist

160 493 324 559 seutenti'h'm,
336 496 481 548 sacerdotali
490 484 605 550 ¹Concilio
624 503 693 550 dum-
748 497 907 558 Sececdtairscs
917 499 979 558 teuit
993 502 1173 572 :Unigenitum
1188 514 1244 566 dixi

161 566 694 630 mtusexceperit31icetdisplicuerituohis
716 572 764 619 Dei
775 574 875 623 Filium.
1224 588 1227 593 ¹
1320 612 1322 619 .

161 635 228 696 qued
242 635 310 696 ejus,
325 633 373 684 hoc
387 638 425 686 est
440 638 556 699 Paliudii,
568 652 618 687 nou
636 639 694 687 hor-
747 641 786 690 69.
795 646 909 694 Eusebius
916 649 1032 710 episcopm
1041 644 1247 698 dieiteiisePhh·

144 702 245 752 'meris
261 704 504 765 amanuensem
520 706 551 754 de
566 708 592 755 te
611 708 693 768 aitqua
716 711 784 760 tinus
806 725 856 762 nou
873 716 961 775 negat,
972 715 1019 765 hue
1035 716 1159 767 seusium
1171 719 1247 768 esud-

160 771 305 831 specialitsr
320 785 412 835 quaerm
428 774 516 822 Utrum
533 775 580 822 Dei
603 776 692 825 Filium
716 782 792 830 tetur.
980 820 981 823 ,

158 841 500 892 Dominumnsstrumiesum
509 843 639 906 Christum,
647 859 692 896 re·
746 850 883 901 Ambrosius
891 854 1008 915 episcopus
1018 855 1135 905 dictitent
1144 850 1187 918 spui
1199 853 1246 904 hoc
1318 860 1321 865 “

119 968 121 977 γ
158 919 216 957 nim
225 911 323 958 veluou
332 915 421 960 rerum
430 913 509 961 Deum
514 912 601 962 dicas?
716 930 764 965 neu
775 921 918 981 confltetur,
933 921 989 980 jure
999 923 1130 972 damnatur
1142 937 1149 969 ε
1161 935 1189 972 uc
1197 935 1246 984 per

191 979 350 1030 Secundinum
364 984 445 1031 dixit-2
459 981 508 1041 Qui
523 984 598 1043 negat
612 984 691 1032 Deum
715 985 762 1035 hec
773 989 874 1048 saepete
885 992 1089 1051 convenience
1104 991 1245 1042 cavillando

145 1048 690 1101 summouePatremDeminietDeinestri
715 1055 1246 1120 negaverisverteremucnquaerouttah-

157 1115 220 1162 iesu
234 1116 338 1178 Christi,
349 1130 398 1166 neu
409 1120 448 1167 est
465 1118 612 1171 christianus
623 1133 631 1167 r
642 1133 690 1169 nee
713 1124 839 1173 tummodo
857 1127 1015 1187 unigenitum
1040 1142 1128 1177 rerum
1154 1129 1245 1176 Filium

158 1183 423 1246 quincgatnominum
431 1187 524 1236 Filium
535 1189 580 1236 Dei
591 1202 688 1238 verum.
714 1191 781 1240 dieas
791 1194 902 1255 Dsi,sed
911 1196 985 1243 etiam
993 1197 1073 1244 Deum
1081 1207 1181 1245 rerum.
1221 1205 1224 1222 ³

148 1268 150 1273 ·
188 1252 328 1304 Ambrosius
338 1258 690 1317 ephcepscsdieiteiieumre·
744 1264 902 1324 secundianus
916 1264 1125 1314 dictisveritatis
1140 1276 1245 1314 meser-

157 1324 524 1376 rumDeiFiIium·cenhterisi
591 1360 594 1367 ·
713 1343 772 1379 rum
782 1333 976 1393 predicemus
992 1334 1122 1394 dtee,n0n
1132 1334 1245 1382 scribun-

109 1392 116 1404 '
130 1451 132 1459 Ι
190 1391 349 1442 &medianus
356 1396 529 1442 dicitrverum
536 1396 581 1443 nei
590 1396 688 1458 Filium,
712 1399 803 1448 turret
812 1414 866 1461 quae
877 1402 954 1463 dicis,
963 1402 1112 1449 scribuntur.
1121 1402 1244 1450 Christum
1258 1393 1262 1442 ἰ

156 1461 314 1521 unigenitum
324 1463 372 1510 Dei
382 1463 472 1510 Filium
489 1476 577 1512 rerum
591 1466 656 1514 dico.
712 1479 799 1516 rerum
809 1470 856 1517 Dei
866 1469 957 1518 Filium
971 1470 1036 1518 dice.
1047 1470 1108 1528 Quis
1118 1469 1192 1530 negat
1202 1469 1243 1516 Fi·

187 1528 227 1577 66.
236 1531 373 1580 Ambrosius
379 1534 563 1594 episcopusdixit
574 1548 583 1582 .·
593 1535 685 1583 Verum
712 1536 774 1584 tium
783 1538 830 1585 Dei
839 1551 929 1586 rerum
941 1537 1014 1586 esset

145 1597 291 1648 ”tullium
299 1598 382 1648 dicit?
742 1606 781 1654 70.
799 1606 939 1656 Ambrosius
955 1608 1073 1668 episeopus
1090 1607 1152 1656 dicit
1169 1621 1179 1657 t
1194 1605 1243 1666 Qui
1299 1626 1302 1630 ⁴

186 1669 346 1717 secundm
360 1670 421 1717 didit
438 1683 448 1719 r
463 1669 556 1719 Verum
572 1671 687 1733 iuniperi·
710 1674 785 1733 negat
799 1674 881 1724 Deum
905 1687 995 1723 verum
1017 1674 1176 1736 unigenitum
1193 1674 1244 1725 Det

155 1736 394 1799 mustumque
408 1739 482 1800 negat
491 1751 580 1790 rerum
594 1741 687 1791 Filium
710 1741 813 1803 Citium,
824 1744 956 1809 anathema
967 1743 1009 1793 sit.

155 1805 222 1856 licit
311 1836 314 1842 ,
740 1813 1177 1876 semedicnmdiaeitciieumvsmm
1185 1811 1243 1861 uui·

186 1877 302 1927 Eumhiuc
310 1879 499 1940 episcopusdixit
509 1892 517 1926 s
527 1877 581 1926 Nou
594 1877 687 1928 sufficit
710 1877 821 1937 genitum
837 1879 930 1927 Filium
940 1880 986 1929 eei
996 1880 1003 1927 i
1014 1881 1080 1940 Quid
1089 1881 1153 1928 mihi
1167 1879 1241 1940 pred·

154 1945 223 2006 prod
230 1946 319 1994 Citium
325 1947 371 1995 Dei
378 1947 535 2005 unigenitum
548 1947 685 2007 confiteris3
710 1947 783 2006 teris,
797 1947 864 2007 qued
873 1960 922 1996 non
934 1949 972 1996 est
982 1946 1119 2008 scriptumt

154 2025 214 2069 mm
229 2016 280 2064 hue·
290 2025 375 2065 omues
392 2015 558 2064 confitentur:
577 2016 621 2063 sed
639 2018 686 2065 hec
740 2015 878 2066 Ambrosius
892 2019 1009 2078 episcopus
1024 2018 1084 2066 dicit
1101 2016 1240 2076 :sperum

144 2083 254 2145 ,meren
272 2085 337 2145 quod
358 2085 443 2133 Arrius
465 2085 530 2132 dixit
553 2085 685 2132 Dominum
710 2085 866 2144 sacrilegium
883 2085 933 2143 est,
944 2085 1041 2144 quando
1057 2084 1180 2135 Christum
1192 2084 1239 2132 nei

154 2149 235 2198 selum
250 2152 359 2213 Patrem,
378 2154 456 2200 solum
468 2165 555 2202 verum
566 2166 574 2199 τ
585 2153 685 2213 negavit
709 2154 798 2201 Filium
809 2154 894 2202 Arrius
903 2155 983 2200 Deum
992 2165 1079 2202 rerum
1090 2153 1198 2211 negavit.

155 2217 246 2267 Filium
257 2221 304 2270 Dei
313 2221 446 2269 Dominum
455 2234 551 2270 verum.
560 2221 685 2282 Simplici·
730 2225 899 2271 <secundianus
920 2224 1000 2271 dicitu
1017 2223 1101 2269 iesum
1116 2222 1239 2268 Christum

154 2288 195 2338 ter
202 2290 291 2339 Filium
302 2291 439 2339 Dei'Deum
449 2303 535 2340 verum
546 2290 685 2341 ceutiterist
708 2291 799 2338 Filium
811 2292 856 2339 Dei
867 2292 961 2350 Deum,
971 2291 1014 2351 qui
1022 2290 1132 2337 Christus
1143 2289 1239 2336 dicatur

144 2388 147 2394 ·
184 2360 342 2408 &medianus
350 2360 682 2420 dieitrQuistuerithrrius,
708 2359 981 2419 Filiusverusji'iiium
996 2359 1043 2407 Dei
1058 2358 1240 2407 dicezsedve·

154 2427 240 2488 ignoro
258 2441 266 2475 r
284 2429 344 2488 quid
362 2429 455 2477 dixerit
479 2431 571 2477 nescio.
588 2431 683 2477 Mecum
707 2442 762 2476 rum
774 2431 853 2476 Deum
863 2441 911 2475 nen
922 2428 959 2477 est
970 2428 1099 2488 scriptum.

154 2495 262 2557 loqueris
279 2498 351 2546 vivus
368 2498 400 2545 ad
423 2498 518 2546 vivum.
538 2499 603 2546 iilud
628 2499 683 2548 dice
738 2500 776 2546 rt.
788 2499 924 2547 Aethrosius
942 2500 1059 2558 episcopus
1077 2499 1157 2545 dicit.-
1172 2497 1238 2543 Non·

154 2564 221 2624 qued
230 2565 339 2613 Christus
349 2565 414 2614 dixit
425 2580 432 2611 ε
446 2569 591 2627 Uuipceitum
601 2572 642 2627 qui
650 2572 683 2617 est
707 2567 765 2614 dum
775 2558 918 2627 resipuisti?
928 2571 960 2615 Et
971 2568 1070 2626 adjecit:
1080 2567 1116 2612 Ne
1127 2565 1188 2625 quid
1198 2564 1237 2612 illi

153 2634 243 2695 tessine
254 2637 347 2694 Patris3
359 2646 416 2693 ergo
426 2635 583 2693 unigenitum
594 2636 682 2685 Filium
707 2635 819 2681 videatur
825 2647 877 2682 esse
885 2635 1027 2694 subreptum
1034 2664 1041 2693 ,
1048 2633 1175 2681 confirmet
1182 2645 1237 2681 sen·

130 2733 133 2737 «
153 2715 181 2750 se
192 2702 283 2750 adserit
294 2703 386 2749 Patris:
396 2703 472 2749 Filius
483 2703 559 2762 igitur
569 2704 683 2764 unigeni·
707 2703 811 2748 tentiam
827 2715 904 2749 suam.
922 2703 993 2749 Dicat
1010 2714 1066 2759 ergo
1081 2701 1237 2760 unigenitum

142 2770 194 2819 ‘tus
205 2772 242 2819 est
252 2771 299 2817 Dei
309 2769 386 2816 Filius
396 2780 480 2815 verus.
706 2771 829 2818 Christum
839 2772 885 2818 Dei
893 2772 983 2817 Filium
990 2772 1069 2817 Deum
1078 2781 1174 2816 verum.
1205 2783 1214 2808 ι

183 2839 224 2887 67.
242 2838 379 2887 Ambrosius
389 2838 505 2898 episcopus
520 2839 581 2886 dixit
596 2841 683 2888 :Deus
737 2841 897 2887 Secundiauus
913 2840 975 2898 dixit
992 2853 1001 2884 .-
1019 2838 1073 2882 .tam
1089 2835 1153 2882 dixi.
1170 2835 1236 2894 Quid

145 2916 229 2958 'verus
248 2905 298 2965 est,
317 2917 390 2953 verus
409 2904 455 2951 Dei
473 2905 550 2952 Filius
564 2907 640 2954 Deus.
651 2910 683 2957 Et
706 2906 769 2952 mihi
780 2909 925 2965 extorquere
936 2907 974 2954 vis
983 2903 1115 2964 amplius?

142 2973 259 3026 'eddiditr
272 2976 300 3020 in
312 2973 402 3021 divinis
411 2972 483 3021 libris
493 2973 611 3033 scriptum
624 2976 680 3023 est:
737 2975 873 3022 Ambrosius
889 2976 1006 3034 episcopus
1021 2975 1101 3019 dicit:
1114 2969 1180 3029 Quid
1197 2969 1236 3018 di·

143 3043 216 3108 'Quiu
226 3044 267 3105 qui
276 3044 362 3102 jurant
372 3056 440 3102 super
452 3045 540 3090 terram
545 3075 554 3100 ,
562 3043 680 3102 jurabunt
707 3041 766 3088 xisti
774 3042 783 3088 t
790 3042 861 3090 Certe
872 3041 894 3089 si
904 3040 1009 3089 dixisses
1019 3041 1100 3098 tantu,
1111 3039 1177 3100 quod
1184 3039 1236 3100 gle-

151 3117 230 3163 Dsum
246 3125 336 3160 verum.
348 3110 418 3169 Quod
436 3110 522 3170 utique
540 3110 571 3159 de
587 3111 682 3162 Christo
706 3112 770 3159 riese
781 3111 885 3171 dicitur,
897 3123 962 3170 saepe
974 3110 1136 3170 repetendum
1148 3107 1194 3156 est.

152 3193 207 3230 esse
224 3193 273 3229 uon
284 3180 386 3227 dubium
402 3180 448 3226 est.
463 3180 510 3226 Nos
520 3191 577 3240 ergo
594 3192 681 3228 verum
737 3182 896 3247 secundianus
913 3180 974 3227 dicit
990 3194 998 3226 .·
1014 3178 1114 3224 Dictum
1125 3177 1188 3240 ests
1199 3178 1235 3225 stt
1317 3236 1320 3247 ἱ

143 3246 232 3298 =Deum
249 3248 393 3310 profitemur
405 3260 411 3292 :
425 3247 451 3294 et
461 3246 521 3294 tides
534 3247 617 3295 nostra
628 3249 680 3297 haec
705 3263 780 3296 sermo
790 3252 877 3306 uester,
888 3251 975 3305 estest,
985 3260 1034 3295 uec
1044 3260 1102 3294 non.

151 3319 238 3379 est‚et
246 3317 377 3378 professio,
389 3316 446 3377 quis
455 3316 596 3377 unigenitus
605 3317 681 3366 Patris
736 3316 776 3364 72.
792 3317 928 3365 Ambrosius
946 3315 1141 3376 episcopusdixit
1158 3328 1167 3361 .-
1185 3313 1233 3372 Qui

150 3386 230 3434 Filius
240 3388 278 3434 est
287 3399 361 3434 verus
371 3386 446 3433 Deus.
457 3385 503 3431 Dic
514 3386 539 3432 et
549 3386 577 3432 tu
588 3386 619 3433 de
629 3387 680 3434 Dee
705 3383 766 3431 dicit
785 3384 866 3444 ipsum
876 3384 974 3431 Patrem
984 3383 1088 3440 Filium,
1100 3380 1233 3441 sacrilegus

144 3447 225 3514 'verm
236 3453 325 3502 deiude
334 3454 424 3502 Filium
433 3453 512 3500 Deum
522 3466 616 3503 rerum.
705 3453 751 3500 est.
763 3453 813 3500 Hoc
830 3465 844 3498 a
855 3453 880 3499 te
891 3463 986 3512 quaero,
998 3450 1027 3498 ut
1045 3451 1112 3499 dicas
1131 3450 1161 3497 de
1179 3449 1234 3498 Dee

181 3514 406 3573 Securidianusdtaeit
417 3537 425 3568 r
437 3522 472 3567 De
482 3522 533 3567 Dee
544 3533 612 3569 rere.
705 3533 762 3567 vero
781 3521 861 3568 Deum
878 3532 965 3568 verum
976 3519 1022 3567 Dei
1032 3520 1121 3566 Filium
1137 3517 1232 3565 natum.

181 3591 221 3640 68.
232 3590 369 3640 Anthemius
379 3591 497 3655 episcopus
507 3588 569 3636 dixit
584 3603 593 3635 .·
604 3587 681 3636 Filius
723 3613 725 3617 v
736 3590 894 3635 secundianus
903 3589 964 3636 discit
975 3601 983 3633 .·
994 3588 1043 3646 Ege
1052 3587 1140 3633 Filium
1155 3597 1169 3631 a
1180 3584 1232 3630 Deo

145 3658 198 3708 'Dei
208 3660 275 3706 Deus
283 3670 356 3706 verus
367 3653 421 3704 esti
705 3657 829 3714 genitum,
845 3655 943 3702 dicente
961 3654 1014 3712 ipso
1030 3665 1037 3698 z
1057 3655 1133 3700 Censet
1151 3655 1172 3700 te
1181 3667 1190 3712 ‚·
1207 3653 1232 3698 et

143 3722 146 3727 ’
180 3719 338 3777 secundianus
345 3728 405 3773 dicit
413 3740 421 3771 .·
430 3725 491 3784 Ergo
501 3723 616 3770 mendax.
705 3721 860 3769 confitentem
872 3735 898 3768 se
908 3721 1017 3780 genitum
1029 3732 1095 3780 esse,
1107 3721 1169 3767 dico.

180 3794 317 3844 Ambrosius
322 3797 437 3854 episcopus
444 3795 504 3840 discit
513 3794 555 3839 :in
564 3790 680 3839 hostrau·
735 3789 772 3834 75.
788 3787 924 3835 Ambrosius
934 3788 1119 3846 episcopusdixit
1130 3800 1139 3832 .·
1149 3785 1169 3831 Α
1179 3785 1230 3830 Deo

149 3863 207 3913 dem
217 3863 291 3922 tacis,
302 3863 330 3909 ut
345 3873 394 3908 nen
410 3862 488 3908 Deum
499 3873 586 3908 verum
597 3861 679 3918 dicus,
704 3869 763 3906 veru
774 3857 840 3903 Deus
849 3867 923 3903 verus
934 3853 992 3903 est?
1195 3915 1201 3927 .
1221 3915 1227 3926 .

149 3930 194 3977 sed
210 3929 292 3977 Deum
308 3927 465 3987 unigenitum
475 3940 615 3987 rerum,ae
635 3939 680 3988 per
734 3925 893 3973 Secundiaues
907 3924 969 3970 dimit
986 3937 994 3970 s
1013 3920 1042 3968 Et
1064 3932 1120 3967 cum
1136 3927 1228 3993 ¹¹⁰¹.¹¹¹.¹¹¹

149 3997 196 4044 hec
215 3998 255 4045 dic
274 3994 419 4056 simpliciter
438 4007 446 4040 s
464 3995 614 4058 unigenitus
631 3995 678 4045 Dei
705 3994 778 4042 etium
788 3993 871 4051 addis,
883 3992 909 4039 et
918 4001 1021 4049 verum3
1032 3988 1102 4034 sudis
1111 3983 1193 4042 qualis
1202 3991 1228 4028 ru

147 4064 226 4114 Pilius
235 4066 301 4116 Deus
311 4076 386 4117 verus
396 4063 443 4113 est.
663 4080 667 4089 ·
680 4093 684 4099 -
704 4062 728 4109 te
740 4060 800 4109 tides
810 4059 858 4119 sit,
869 4060 894 4110 et
905 4055 1057 4108 christianus
1065 4051 1108 4102 es?
