2760 4800
137 417 179 464 tot
355 463 359 469 ,
524 422 646 467 sancti
667 421 832 466 Aerenosii

127 496 244 549 'nascitur
254 517 260 548 z
270 502 316 550 atio
330 505 386 552 vitis
399 505 527 564 saisentur,
540 506 586 551 atio
598 518 664 563 gern-
690 504 765 562 teria,
785 504 851 549 natta
872 501 1006 551 substantia
1022 514 1075 550 esse
1093 499 1183 560 jussit,
1196 495 1224 547 et

125 570 225 617 mantia
244 575 365 619 sarmenta
383 574 536 632 putrescunt,
555 573 663 619 luxuriat
689 571 765 619 iactus
777 570 933 619 esttcoeium
945 571 1056 636 adspice,
1075 571 1167 618 terram
1182 570 1222 615 in-

135 639 277 698 pampinus,
288 653 336 688 uva
353 640 472 689 formatur
485 655 491 688 r
503 642 551 688 aiio
567 642 663 701 planta·
688 640 976 688 tuereUndesteliarum
985 639 1142 700 ignestunde
1151 638 1220 685 orbis

136 708 176 752 tur
184 707 250 764 olea,
260 707 308 753 aiio
317 708 385 756 velut
393 710 447 756 alvo
456 706 537 770 gravis
545 710 569 756 et
578 709 663 755 onusta
688 709 746 756 sotis
755 707 781 755 et
791 707 869 756 radii?
879 709 944 756 unde
960 709 1025 756 lunae
1041 706 1143 769 globus?
1153 707 1219 754 unde

136 769 203 838 prole
220 776 363 836 baccarum,
381 777 475 842 tructus
490 779 529 825 sui
551 778 662 825 ubertate
688 778 808 824 montium
819 777 939 836 vertices,
951 777 1012 824 dura
1031 789 1161 835 saxorum
1174 787 1220 822 ne-

135 844 264 892 curvescit.
275 846 335 894 Ante
346 860 486 908 veroquam
496 847 662 906 suumcuique
688 857 781 892 morosa
792 844 924 892 silvarum?
935 846 1000 893 unde
1009 847 1049 894 rei
1056 845 1218 900 diiiususaer,

135 915 232 972 tempus
238 914 361 974 adveniat,
370 915 457 964 toetura
466 916 602 963 restrictior
610 917 661 963 est:
688 914 728 960 vel
738 913 823 960 infusae
836 914 876 960 vel
891 913 1024 973 superfusae
1040 910 1125 977 aquae?
1135 912 1184 959 Sed
1197 913 1216 957 si

135 983 180 1028 nee'
196 984 362 1042 generationis
378 986 474 1033 aetatem
485 985 561 1032 hatrat
576 986 601 1032 in
619 997 664 1043 po-
688 981 833 1029 haecomnia
848 983 914 1029 Deus
932 982 992 1030 iecit
1004 994 1036 1028 ex
1054 981 1135 1048 nihilo
1147 979 1156 1041 (
1168 984 1219 1040 ipae

134 1049 222 1095 testate
241 1051 373 1109 generandi
396 1053 462 1111 ipsa,
480 1064 534 1113 quae
552 1053 661 1112 generat.
687 1051 748 1097 eatan
757 1052 816 1097 dixit
823 1084 831 1108 ‚
841 1050 933 1109 etfecta
943 1053 997 1098 sent
1007 1065 1015 1096 .·
1026 1051 1073 1110 ipae
1085 1050 1217 1104 mendacii,

135 1119 201 1165 {tunc
211 1119 339 1166 intormem
349 1121 485 1179 situ,nunc
494 1120 661 1179 fontenedum,
687 1122 709 1166 ct
725 1122 805 1166 creato
822 1118 908 1180 aaut),
920 1132 964 1167 cur
985 1119 1104 1183 miremur
1117 1111 1216 1164 ¹renasci

137 1197 198 1232 :runc
209 1187 332 1234 virentem
346 1186 462 1248 floribus,
474 1202 540 1236 nunc
552 1190 662 1235 arentem
688 1200 757 1246 posse
774 1188 838 1248 quod
849 1188 936 1248 tuerit,
954 1201 1010 1234 curn
1026 1187 1156 1236 videamus
1174 1198 1216 1232 na·

134 1257 212 1314 ipsam
224 1257 584 1318 omnium'ceruasparentem.
603 1258 662 1314 Quae
688 1257 737 1302 tum
750 1267 802 1302 esse
817 1256 883 1317 quod
894 1267 942 1303 non
960 1254 1024 1303 initi
1121 1301 1123 1305 Α

133 1325 219 1385 utique
235 1326 313 1373 vellet
329 1326 442 1374 omnibus
456 1339 482 1374 se
496 1326 587 1373 vestire
599 1320 662 1373 tem-
717 1324 756 1370 65.
767 1324 831 1371 iliud
841 1325 1013 1384 mirum‚quod
1024 1337 1079 1371 cum
1090 1335 1215 1390 resurree-

133 1388 246 1452 poribns,
263 1405 309 1440 nee
327 1406 442 1454 umquam
462 1405 536 1440 aurea
550 1394 661 1452 segetum
687 1392 779 1439 tionem
797 1405 845 1440 non
863 1390 978 1451 credant,
991 1394 1074 1440 tamen
1089 1405 1122 1440 ne
1140 1404 1216 1452 genus

135 1462 176 1506 aut
187 1460 318 1506 viridantia
328 1463 454 1520 pratorum
464 1461 607 1508 indumenta
618 1461 662 1508 de·
687 1462 771 1521 pereat
780 1463 921 1520 hominum,
931 1462 1047 1510 clementi
1054 1462 1160 1522 quadam
1171 1462 1214 1506 he-

135 1539 225 1585 ponere
239 1528 306 1588 :ipsa
318 1529 356 1576 sui
365 1542 452 1588 egens,
462 1530 487 1576 et
497 1530 660 1588 proventuum
688 1529 806 1589 nignitate
817 1531 983 1590 prospiciunt3
994 1531 1019 1578 et
1035 1530 1092 1578 ideo
1111 1529 1214 1577 transire

134 1608 246 1655 suorum,
258 1610 313 1656 quae
330 1598 357 1644 in
369 1599 430 1645 alios
440 1597 611 1657 transfuderit,
623 1598 661 1644 in·
687 1611 715 1645 ac
726 1599 862 1656 demigrare
873 1600 899 1646 in
911 1612 1012 1659 corpora
1024 1599 1111 1645 dicunt
1123 1599 1214 1644 animas

135 1664 217 1711 dotata
232 1666 390 1725 compendiis.
686 1680 717 1714 ue
729 1667 834 1714 mundus
846 1667 959 1716 intereat.
979 1667 1027 1715 Sed
1045 1667 1107 1726 quid
1118 1667 1151 1713 sit
1167 1665 1214 1712 dii-

165 1731 203 1778 66.
216 1733 277 1794 Ergo
292 1737 317 1782 et
334 1734 442 1784 nostram
456 1736 660 1785 resurrectionem
687 1736 789 1793 tritius,
801 1735 848 1795 ipsi
858 1736 985 1796 adserunt,
996 1735 1100 1783 transire
1111 1735 1213 1790 animas,

136 1801 182 1849 etsi
192 1814 242 1849 non
254 1803 333 1852 credis
344 1804 406 1863 sade,
417 1819 467 1853 non
486 1806 564 1854 eredis
576 1817 661 1868 exem·
687 1817 716 1850 au
726 1805 808 1852 redire
820 1817 827 1846 τ
838 1817 882 1852 sua
890 1807 1019 1865 repetere,
1028 1817 1059 1851 an
1070 1816 1135 1853 nora
1145 1817 1214 1864 quae-

133 1870 188 1928 pio,
199 1883 247 1918 usu
262 1883 289 1918 es
299 1871 445 1921 crediturus.
457 1874 487 1921 Et
496 1874 551 1920 aliis
561 1873 661 1933 quidem
686 1886 750 1921 rere.

82 1955 86 1964 *
134 1939 267 1998 fructibus,
286 1943 314 1988 ut
324 1940 386 2001 viti,
397 1943 472 2002 oleae,
484 1941 610 2002 pomisque
623 1943 660 1989 di·
715 1943 753 1989 66.
765 1943 813 1990 Sed
831 1943 869 1991 ilii
883 1944 1010 2003 dubitent,
1027 1944 1071 2005 qui
1086 1955 1137 1990 non
1150 1941 1214 1989 didi·

134 2009 212 2056 versis
222 2010 280 2056 anni
291 2009 349 2058 aetas
358 2011 468 2058 extrema
479 2010 569 2058 habitis
580 2014 661 2059 matu·
686 2012 773 2059 cerunt
784 2026 790 2058 :
802 2025 846 2060 nos
857 2026 916 2060 nero
932 2015 974 2073 qui
989 2015 1095 2073 legimus
1106 2014 1213 2072 Legem,

134 2076 235 2123 randis:
255 2077 325 2125 nobis
340 2091 436 2139 quoque
447 2079 533 2126 mundi
551 2092 661 2126 consum·
685 2081 828 2141 prophetas,
838 2082 971 2140 apostotos,
980 2081 1156 2140 Evangelium,
1169 2079 1213 2125 du-

134 2145 209 2192 matio
220 2147 343 2206 tamquam
354 2149 480 2195 extremus
491 2150 548 2195 anni
558 2149 612 2196 tiuis
622 2162 661 2197 ae·
685 2150 763 2196 bitere
782 2150 817 2196 ias
826 2162 876 2196 non
887 2151 932 2197 est.
944 2151 1003 2208 Quis
1015 2150 1082 2198 enim
1101 2147 1213 2204 dubitet,

134 2214 285 2261 commodam
293 2215 435 2274 resurgendi
448 2216 595 2276 praescripsit
603 2217 662 2264 aeta·
686 2230 742 2264 curn
753 2219 812 2277 legit
825 2232 832 2264 ε
843 2220 873 2266 m
887 2220 912 2266 ta
923 2223 1022 2279 tempore
1032 2220 1073 2266 itio
1083 2217 1213 2266 sotoetitar·

132 2284 194 2330 tem.
206 2284 235 2329 Et
245 2284 308 2331 bene
320 2287 345 2331 in
357 2286 562 2333 consummatione
574 2288 659 2334 mundi
685 2289 759 2335 omnis
768 2287 830 2347 picta
840 2291 895 2344 tua,
905 2303 956 2348 qeoe
965 2289 1052 2348 scripto
1062 2289 1095 2334 est
1103 2289 1129 2334 tn
1140 2286 1212 2333 titre:

134 2352 281 2401 resurrectio
306 2355 458 2400 mortuorum
477 2356 528 2413 est3
551 2367 584 2401 ne
605 2357 659 2415 post
684 2357 781 2403 etinettt
790 2357 952 2403 dormientium
963 2359 1061 2404 interrae
1070 2356 1152 2415 fossis,
1164 2366 1213 2400 eno

134 2423 338 2469 resurrectionem
357 2423 384 2467 in
410 2423 456 2469 hoc
479 2424 571 2470 maium
589 2425 660 2472 nobis
685 2426 1212 2485 opertioneeacserqeat,tiitacitemoeternom

60 2496 66 2503 '
93 2523 95 2527 -
135 2490 199 2538 esset
215 2493 330 2538 saecnlum
346 2491 659 2541 recidendumideoeuim
685 2495 706 2540 ct
726 2493 751 2540 ht
767 2495 793 2539 in
809 2491 958 2552 opprobrium
974 2496 997 2540 ct
1012 2495 1039 2540 in
1054 2492 1212 2550 conclusionem

134 2560 243 2618 Christus
253 2562 290 2608 est
299 2573 395 2620 passus,
404 2561 431 2607 ut
441 2574 485 2608 nos
495 2575 527 2608 ex
539 2563 585 2610 hoc
596 2565 659 2610 maio
682 2565 818 2621 perpetuom
833 2579 841 2610 .·
858 2565 879 2610 ct
900 2562 1049 2621 intetttqcates
1064 2557 1212 2620 splendebant

135 2631 222 2677 saecuto
240 2630 370 2687 liberaret3
382 2643 413 2677 ne
423 2629 515 2678 iterum
532 2644 575 2678 nos
586 2633 659 2690 hujus
684 2635 710 2678 ut
720 2632 824 2691 splendor·
833 2633 990 2691 firmamenti,
998 2632 1019 2677 ct
1029 2629 1135 2688 exjustis
1145 2627 1214 2673 martti

135 2700 216 2746 saeculi
223 2699 372 2747 tentamenta
378 2700 523 2748 subruerent
532 2703 556 2748 et
564 2702 659 2750 obesset
683 2702 742 2747 sicet
751 2703 820 2748 stettoe
831 2705 856 2748 in
867 2699 968 2749 secata?
978 2701 1046 2745 Bene
1055 2698 1139 2757 itaque
1155 2695 1212 2741 dor-

134 2769 242 2829 renasci‚
253 2771 273 2817 si
284 2775 469 2818 renasceremur
477 2771 508 2818 ad
518 2772 624 2832 cuipam.
684 2769 813 2817 mientium
831 2769 896 2816 dixit
905 2768 1029 2829 quietern,
1047 2767 1075 2814 ut
1086 2764 1212 2822 intelligas

163 2837 202 2884 65.
214 2839 243 2902 Et
253 2839 373 2888 rationem
382 2839 456 2898 igitur
465 2841 658 2902 resurrectionis,
683 2838 899 2886 mortemnonesse
908 2838 1123 2896 perpetuamque
1133 2831 1210 2879 somni

134 2906 159 2954 et
169 2905 266 2967 ternpus
277 2910 405 2954 tenemus:
417 2909 550 2969 rationem,
561 2911 620 2970 quia
633 2912 658 2958 in
683 2907 738 2954 vice
750 2907 827 2954 initur
844 2906 874 2952 ad
892 2906 1002 2964 tempus,
1022 2904 1047 2950 et
1065 2902 1096 2949 ad
1113 2902 1211 2960 tempus

134 2975 246 3022 omnibus
261 2974 308 3022 sibi
325 2974 424 3023 ioetibus
434 2988 504 3036 aeque
518 2978 607 3024 natura
618 2990 659 3025 re·
684 2976 824 3023 excluditur
836 2989 853 3022 -:
872 2976 1049 3032 melioremque
1071 2969 1211 3031 proiectum

51 3030 53 3035 ’
133 3044 306 3104 spondet,nee
321 3044 347 3091 iu
363 3045 657 3094 solahontinumsucces-
684 3038 1210 3104 vitaeeJ'usostendit,quaeiuturapostmor-
1279 3058 1281 3062 ·

132 3113 202 3160 sione
220 3113 351 3173 degenerat
365 3113 493 3173 :tempus,
505 3116 562 3173 quia
577 3116 658 3162 omnia
682 3113 733 3159 tem
752 3114 803 3173 est,
814 3125 886 3174 quam
903 3110 1021 3170 ejusque
1035 3109 1092 3155 ante
1106 3106 1211 3153 mortem

133 3183 222 3228 irrauui
233 3183 281 3236 tine
292 3183 448 3243 generantur.
459 3183 541 3229 Mundi
548 3185 658 3243 tempora
683 3194 785 3230 moerore
792 3195 819 3229 ae
830 3182 912 3229 doiore
922 3179 1072 3238 transigitur.
1083 3176 1211 3236 Siquidem

132 3262 211 3297 atinus
220 3262 284 3297 unus
293 3248 440 3308 astatque
448 3250 537 3296 mirum
548 3251 569 3297 si
580 3264 657 3300 annus
682 3251 725 3298 itia
742 3249 828 3298 stellis¹
838 3251 1004 3310 comparatur,
1024 3247 1076 3294 haec
1093 3256 1211 3293 aerumnas

133 3316 656 3377 unusest,quandodiesunaesttUuaenim
683 3319 813 3367 addicitur.

133 3386 173 3434 die
184 3386 302 3432 Dominus
318 3385 441 3444 operarios
452 3387 570 3434 conduxit
580 3387 656 3435 advi-
711 3388 750 3434 67.
762 3389 822 3434 Nam
832 3387 894 3449 quid
904 3388 945 3434 iila
952 3386 1154 3446 contentamque
1162 3383 1211 3430 alio
1285 3415 1289 3423 .

133 3465 218 3512 neam,
237 3452 322 3500 diceus
335 3465 342 3498 a
359 3453 418 3513 Quid
431 3452 469 3499 tric
483 3455 548 3501 stetis
563 3456 612 3503 toto
622 3457 656 3503 dic
681 3456 734 3503 loco
744 3456 834 3515 scripta
843 3456 899 3502 sunt
911 3469 918 3500 r
928 3455 1054 3504 suscitetis
1068 3466 1114 3509 iae,
1125 3453 1147 3498 et
1156 3464 1210 3498 con·

132 3522 199 3568 otiosi
204 3520 215 3566 ἒ
680 3522 761 3578 fitedor
771 3521 828 3569 tibi?
839 3521 904 3579 Quid
915 3521 990 3567 etiam
1001 3519 1077 3577 illud,
1088 3517 1154 3577 quod
1164 3515 1210 3562 Job

162 3588 200 3634 oe.
212 3589 293 3638 Causae
304 3589 424 3650 originum
434 3589 527 3638 semina
538 3590 602 3638 sunt.
614 3590 656 3638 Se·
682 3591 842 3638 sanctosvitae
852 3590 923 3637 istius
932 3589 1050 3647 expertus
1058 3585 1176 3644 injurias,
1185 3586 1210 3629 et

132 3670 189 3704 uren
208 3671 261 3706 esse
282 3671 368 3719 corpus
390 3660 524 3707 humanum
546 3661 655 3719 gentium
681 3659 782 3707 adversa
793 3659 875 3706 omnia
887 3657 1008 3718 patientia
1020 3655 1119 3703 virtutis
1134 3665 1210 3700 exsu-

132 3727 219 3773 Doetor
230 3727 345 3775 adseruit.
356 3728 398 3774 Est
406 3740 461 3788 ergo
471 3728 605 3775 substantia
616 3741 656 3775 re·
682 3738 782 3785 parans,
794 3724 1015 3784 compensationem
1026 3722 1072 3769 sibi
1088 3721 1209 3767 matorum

131 3797 258 3856 surgendi,
271 3796 366 3857 quando
375 3795 412 3842 est
422 3797 498 3843 series
508 3796 653 3843 seminandi.
680 3795 838 3853 praesentium
856 3793 887 3839 de
905 3790 1083 3839 resurrectione
1094 3787 1209 3848 promisit

130 3864 229 3922 Quodsi
241 3864 374 3911 substantia
386 3866 428 3911 aut
439 3865 653 3923 causanonesset,
681 3862 765 3908 dicens
784 3874 790 3906 a
807 3859 933 3909 suscitatis
951 3872 1033 3918 corpas
1051 3871 1129 3904 anetem
1150 3857 1208 3912 troc,

131 3933 234 3981 arduum
250 3933 379 3993 quisquam
399 3933 497 3990 putaret
515 3933 566 3978 Deo
588 3931 654 3978 unde
680 3931 892 3991 quodmuttomota
902 3926 1217 3990 poaaamestilisaiasquog

130 4001 223 4061 veliet,
239 4000 279 4048 vel
297 3999 416 4060 quomode
435 3998 525 4055 veliet,
544 3998 655 4044 homines
680 3995 1208 4058 queresurrectionempopuiisannuncians,

88 4129 93 4138 q
131 4068 466 4132 regenerare,quimnudom
485 4067 654 4114 exirutlaura-
681 4066 801 4113 Dominici
817 4079 843 4114 sc
871 4066 985 4113 nuntium
1005 4064 1070 4112 dixit
1092 4075 1144 4112 esse
1168 4075 1209 4110 re·

621 4189 637 4227 1
