2760 4800
149 383 194 431 ll-'l
426 401 429 407 ·
559 381 678 426 aanor!
694 379 853 424 ilolbnosn

118 479 124 486 ·
143 469 289 517 ridccntiam
301 464 672 523 munerisdaiorens,etu11am
698 463 812 522 religiose
827 459 958 520 obtulerit,
974 471 1048 520 quem
1057 460 1108 520 tam
1120 459 1235 508 libenter

143 533 672 597 significanspotcslatem.Loqucbaturenim
697 531 801 591 recepit.
814 532 843 577 Et
853 531 881 578 tu
893 530 914 576 si
925 531 978 577 Deo
987 541 1077 577 munus
1089 531 1162 576 tuum
1176 528 1235 576 οιιιι-

144 607 170 652 io
181 619 209 654 eo
220 619 269 653 non
281 605 407 663 doctrina
422 603 465 651 sed
476 603 609 664 pratia·et
620 613 673 648 me-
697 612 750 659 ras,
762 612 811 646 non
819 599 920 647 amittis
928 598 977 646 Sed
987 599 1054 646 avari
1063 611 1160 646 sumus
1168 598 1237 644 Deus

141 675 191 721 lius
202 674 317 722 credebat
328 673 371 720 ille
380 671 465 733 ,quod
477 683 524 717 nou
536 669 672 728 didicerat,
698 669 800 715 unicum
811 669 900 715 Filium
908 668 980 715 morti
992 680 1036 728 pro
1048 666 1120 714 nobis
1128 665 1236 723 obtulit,

143 753 217 800 quam
234 754 280 790 nos
297 742 340 802 qui
360 739 499 788 didicimus.
514 739 589 784 Nemo
606 736 672 783 enim
698 749 741 784 nos
751 736 845 783 nostros
853 747 978 794 negamus
984 733 1234 783 Viditbocdbrahrm
1251 762 1254 768 ι

145 811 230 870 typum
241 811 372 859 falsaverat
385 809 511 867 veritalis,
523 808 549 854 et
559 806 673 853 rdeotres
699 806 723 852 et
740 805 839 864 agnovit
857 805 1018 864 mysterium,
1038 804 1144 850 salutem
1165 801 1234 849 nobis

144 879 226 938 videt,
245 881 289 928 sed
308 879 430 927 unitatem
453 877 593 924 veneratur.
614 876 673 921 'lres
698 886 725 920 ιιι
736 874 801 932 ligno
813 873 935 920 futuram
947 885 993 921 uec
1003 871 1094 920 latuit
1087 883 1114 918 ιιι
1128 883 1180 919 uno
1194 881 1235 918 co·

143 959 270 995 mensuras
278 945 534 1007 similaginispromit,
543 955 618 990 unum
627 942 673 988 im·
699 943 804 1002 demque
816 941 934 989 sacrificio
943 941 1013 989 aliud
1024 953 1078 989 esse
1088 940 1157 1001 quod
1167 939 1234 987 vide·

144 1016 218 1062 molat
230 1016 349 1076 vitulum3
357 1016 416 1063 satis
425 1015 527 1062 credens
536 1024 610 1059 unum
620 1023 673 1058 esse
698 1014 767 1059 retur
778 1011 876 1070 offerri,
888 1010 956 1058 aliud
968 1010 1032 1071 quod
1051 1011 1135 1069 posset
1145 1007 1234 1057 occidi

144 1085 304 1145 sacrificium,
323 1086 397 1132 trium
415 1093 521 1129 munus·
532 1081 674 1127 unamhos·
728 1080 769 1127 99.
788 1079 917 1126 lmitemur
934 1090 990 1137 crgo
1010 1076 1236 1125 Abrabaedevotio·

144 1153 218 1212 tIam,
238 1154 312 1201 trium
331 1153 443 1213 gratiam.
460 1149 540 1197 Nam'
534 1161 559 1195 m
570 1150 674 1208 quatuor
698 1160 770 1206 nem,
782 1147 908 1195 imitemur
925 1148 992 1193 isaac
1004 1145 1161 1204 bonitatem
1178 1142 1235 1191 imi·

144 1221 244 1282 regibus
254 1223 309 1283 quis
321 1233 370 1268 non
380 1219 504 1278 intelligat
514 1216 579 1278 quod
595 1217 674 1263 mate·
699 1217 781 1264 temur
790 1216 967 1264 castimoniam.
978 1217 1062 1263 Bonus
1071 1216 1145 1274 plane
1157 1217 1234 1295 etpu-

143 1290 212 1338 rialis
234 1293 358 1340 elementa
385 1290 492 1346 naturae,
514 1285 673 1346 praefiguratae
700 1285 950 1344 dicusvir,davotus
964 1285 1130 1344 Deo,castus
1144 1283 1235 1331 uxoria

144 1359 278 1408 Dominicae
296 1359 415 1420 passionis
433 1356 538 1413 indicio,
550 1354 576 1401 et
593 1353 674 1399 omnio
699 1355 741 1412 qui
751 1354 868 1413 injuriam
878 1366 928 1400 non
938 1352 1064 1411 reddidit,
1075 1351 1236 1399 excludenti-

144 1428 192 1475 sibi
213 1427 338 1475 mundana
365 1422 513 1484 subjecerit?
534 1421 625 1468 Fidelis
647 1420 674 1466 in
699 1423 745 1470 bus
755 1423 844 1482 cessit,
856 1421 1007 1482 poenitentes
1018 1421 1119 1469 eosdem
1130 1420 1235 1480 recepit,

144 1495 223 1558 bello,
233 1492 400 1543 abstemiusin
408 1491 542 1550 triumpho,
553 1490 595 1549 qui
605 1488 675 1536 donis
698 1503 745 1539 nec
761 1492 890 1551 protervus
908 1491 1082 1550 contumacia,
1101 1502 1150 1538 nec
1160 1489 1236 1536 duras

144 1562 464 1621 nonbominumditcscerc,
475 1560 518 1608 sed
528 1558 572 1606 Dei
580 1557 672 1605 mallet.
699 1562 791 1620 gratiae.
799 1561 891 1609 Litium
899 1560 1019 1620 fugitans,
1027 1572 1084 1608 cum
1089 1560 1232 1608 recederet:

174 1632 214 1679 97.
225 1633 348 1679 Generare
369 1643 395 1678 se
411 1641 481 1690 posse
500 1627 578 1674 filium
598 1637 674 1672 senex
700 1630 780 1680 facilis
792 1631 885 1689 venie,
897 1627 1234 1690 cumreciperetrprofusior
1292 1643 1296 1651 ¹

144 1697 266 1757 credidit,
278 1698 405 1745 immolare
417 1707 487 1757 possa
504 1707 530 1742 se
542 1693 621 1740 lilium
631 1705 674 1752 pa·
699 1699 825 1757 bonitate,
834 1711 889 1746 cum
898 1697 1044 1758 ignosceret.
1053 1697 1232 1744 Petebaturso-

145 1767 184 1814 ter
197 1766 342 1826 iudicavit.
359 1779 405 1814 noc
426 1764 522 1826 patrius
542 1762 675 1823 trepidavit
699 1764 1234 1828 cieratisconsonium,adjunxitcouvivinm

145 1836 260 1894 affectus,
269 1833 675 1893 comsenisdexterampietasad·
699 1836 843 1896 voluptatis.
1284 1832 1286 1837 '

142 1903 254 1964 iuvaret3
263 1904 357 1952 sciebat
368 1905 434 1952 enim
445 1902 611 1963 acceptiorem
621 1903 674 1948 Deo
730 1906 925 1956 l00‚1mit0mur
936 1906 1029 1956 etiam·
1021 1921 1049 1956 m
1059 1907 1136 1956 12001,
1146 1905 1233 1966 typum

144 1972 222 2019 silium
241 1974 395 2021 immolatum
416 1982 569 2031 essequam
579 1983 673 2017 sanum
699 1974 789 2024 Christi
796 1977 930 2036 sitevus
923 1990 950 2024 ιιι
960 1977 1030 2024 nobis
1047 1977 1131 2037 aliqua
1142 1973 1231 2021 srmrb

144 2042 310 2102 Ergoadducit
319 2042 351 2089 ad
356 2040 503 2089 sacrrlicrum
511 2039 589 2086 filium
597 2039 674 2086 dilec·
699 2045 757 2091 tudo
765 2045 892 2094 factorum.
902 2046 999 2094 Erimus
1007 2046 1141 2104 consortes,
1150 2043 1172 2092 si
1183 2043 1232 2092 fua·

144 2110 281 2170 tissimum3
300 2112 326 2159 et
343 2123 418 2171 quem
442 2122 497 2159 sero
517 2109 673 2169 susceperat,
698 2114 775 2161 rimus
787 2114 930 2162 imitatores.
939 2112 1010 2162 llatri
1022 2112 1149 2170 obedivit,
1163 2111 1232 2158 fratri

145 2180 194 2227 cito
210 2181 299 2228 obtulit
311 2195 318 2226 r
330 2193 376 2228 nec
394 2179 491 2240 paterni
506 2179 613 2226 nominis
630 2191 674 2236 ap-
699 2181 786 2240 cessit,
801 2194 884 2229 socero
905 2182 1025 2240 servivit,
1044 2180 1187 2228 mercedem
1203 2177 1232 2226 dc

144 2247 278 2308 pellatione
289 2247 434 2306 revocatur,
450 2259 506 2294 cum
523 2247 566 2293 ille
578 2246 673 2305 patrem
698 2250 773 2298 lucris
784 2262 833 2297 non
844 2250 874 2298 de
883 2249 963 2310 gregis
974 2248 1098 2297 divisione
1109 2247 1232 2309 quaesivit.
1272 2297 1274 2302 ,

145 2317 260 2375 vocaret,
270 2316 311 2363 hic
323 2315 410 2362 lilium.
419 2317 478 2361 Cara
488 2315 586 2374 quidem
596 2315 674 2360 nomi·
698 2319 749 2365 lton
760 2331 831 2366 avara
842 2318 945 2377 divisio,
957 2319 1001 2365 ubi
1010 2317 1131 2366 lucrativa
1141 2315 1231 2377 portio·

145 2395 203 2430 num
214 2383 332 2442 pignora,
348 2383 392 2430 sed
402 2381 544 2429 amabiliora
555 2381 599 2427 Dei
611 2394 674 2448 prae·
698 2386 747 2433 Nec
767 2386 810 2432 illa
830 2387 908 2433 otiosa
928 2385 1090 2445 significatio,
1114 2385 1181 2432 scala
1202 2383 1234 2430 dc

146 2454 225 2512 cepta.
232 2453 316 2512 ltaque
323 2451 382 2498 licet
390 2449 673 2510 compaterenturcorda,
698 2458 760 2503 eoepo
770 2491 777 2516 ,
788 2457 854 2516 quod
863 2469 909 2516 per
919 2469 1019 2503 crucem
1029 2453 1120 2503 christi
1129 2454 1233 2513 Angelo-

145 2521 202 2566 vota
213 2519 342 2566 durabant.
356 2518 489 2566 Distrinxit
506 2531 579 2577 super
595 2518 672 2564 fillum
698 2536 754 2571 rum
766 2525 840 2584 atque
860 2523 989 2571 hominum
1007 2524 1092 2570 futura
1110 2520 1232 2570 consortia

145 2586 252 2648 gladium
269 2589 370 2646 paterna
387 2599 476 2646 manu,
491 2585 605 2646 etpatrio
616 2599 674 2646 per·
699 2590 852 2639 viderentur.
871 2593 915 2639 Cui
932 2591 1129 2652 obstupefactum
1143 2590 1183 2637 est
1197 2588 1233 2636 fe-

146 2656 221 2703 cussit
235 2656 340 2714 affectu,
350 2656 480 2716 neperiret
491 2667 563 2715 poena
575 2667 581 2700 :
594 2656 672 2715 trepi—
698 2672 763 2718 mur,
773 2661 801 2708 ut
811 2661 838 2707 in
848 2660 940 2708 femore
950 2673 994 2707 suo
1005 2660 1147 2720 agnosceret
1158 2670 1233 2719 geue

146 2725 227 2787 davit,
241 2739 273 2774 ne
289 2726 354 2774 ictus
369 2727 476 2785 erraret,
492 2727 595 2774 dextera
613 2725 674 2773 defi-
697 2729 799 2776 rationis
809 2729 947 2789 haeredem,
961 2729 987 2776 et
998 2727 1180 2788 obstupefactio
1198 2726 1232 2774 fe·

145 2796 221 2844 seret.
232 2797 312 2845 Sensit
319 2796 420 2858 pietatis
431 2795 562 2853 affectum,
574 2795 617 2842 sed
626 2807 673 2841 non
697 2798 773 2846 moris
781 2799 929 2858 ‚passionem
937 2798 1098 2858 prophetaret
1115 2796 1231 2844 beceda.
1244 2806 1246 2811 ’

145 2865 227 2913 omisit
238 2867 376 2914 devotionis
391 2865 518 2925 negotium
531 2878 539 2910 r
550 2865 575 2913 et
586 2878 674 2925 prope·
729 2868 782 2915 lol.
801 2868 919 2915 Videmus
937 2867 1015 2927 igitur
1036 2867 1128 2914 celum
1147 2865 1232 2926 patere

145 2934 215 2982 rabat
235 2935 393 2996 obsequium,
412 2935 487 2982 etiam
505 2946 561 2981 cum
577 2935 674 2983 audiret
698 2936 799 2994 virtuti,
811 2948 857 2985 nec
868 2938 915 2984 hoc
926 2948 979 2984 esse
997 2947 1133 2996 paucorum
1145 2948 1152 2979 ι
1165 2935 1234 2982 Multi

145 3003 281 3053 oraculum.
291 3005 360 3052 Unde
370 3016 415 3052 nos
425 3015 522 3064 quoque
530 3005 611 3050 Deum
622 3017 674 3050 om·
698 3007 759 3052 enim
771 3008 862 3053 venient
870 3005 900 3053 ab
912 3007 1011 3063 oriente,
1026 3007 1048 3052 et
1059 3003 1089 3051 ob
1105 3003 1231 3058 occidente,

145 3072 232 3132 nibus,
259 3085 321 3134 quos
344 3073 481 3131 diligimus,
501 3070 673 3132 praefciamus,
699 3076 720 3121 et
731 3077 839 3135 aquilona
856 3077 878 3123 et
894 3077 992 3131 aestro,
1009 3075 1031 3120 el
1051 3071 1190 3120 recumbent
1209 3071 1233 3117 in

81 3158 83 3162 ³
145 3141 224 3198 patri,
236 3140 365 3199 fratribus,
376 3140 463 3194 matri;
478 3140 506 3185 ut
516 3139 592 3198 possit
602 3140 672 3186 nobis
697 3137 1233 3202 repnoDci.Delectationemperpetuaquie·

144 3218 242 3256 servare
252 3209 440 3268 dilectos,sicut
449 3209 474 3254 in
481 3207 603 3254 Abrabam
611 3210 674 3256 ube·
699 3209 732 3257 tis
746 3210 849 3270 sepultis
870 3209 1009 3256 animorum
1028 3206 1136 3254 motibus
1152 3204 1233 3264 expri-

144 3277 236 3323 riorem
254 3276 478 3335 remuneratorem,
495 3286 569 3335 quam
587 3276 674 3324 minis·
698 3279 801 3324 mantes.
823 3277 959 3337 sequamur
969 3274 1090 3322 Abrabam
1107 3271 1232 3329 moribus,

145 3344 210 3391 trum
230 3346 353 3393 videmus.
698 3346 725 3392 ut
741 3358 784 3392 nos
800 3345 905 3404 recipiat
928 3344 953 3390 in
966 3343 1090 3403 gremium
1106 3353 1195 3400 suum,
1208 3341 1232 3386 et

175 3413 215 3460 98.
227 3414 322 3461 Obtulit
332 3413 434 3474 quidem
445 3413 524 3460 filium
536 3413 619 3473 pater,
631 3414 674 3462 sed
698 3415 821 3473 tamquam
833 3416 949 3460 Lazarum
959 3425 1009 3460 suae
1020 3409 1172 3458 lrumilitatis
1182 3409 1232 3456 lrae·

51 3511 52 3518 ι
146 3482 212 3529 Deus
227 3495 276 3547 mon
293 3482 423 3542 sanguine,
434 3483 477 3530 sed
488 3483 580 3541 pietate
592 3483 673 3542 placa·
699 3484 783 3531 redem
795 3484 901 3543 propriis
913 3481 1089 3530 circumfusum
1098 3477 1232 3526 virtutibus

144 3550 195 3597 tur.
207 3550 283 3599 Ovem
295 3564 338 3610 pro
348 3551 448 3598 bomine
460 3552 638 3600 demonstravit
647 3552 673 3599 in
698 3552 739 3611 pio
757 3551 840 3599 foveat
859 3551 986 3611 amplexu.
998 3551 1050 3597 Non
1061 3547 1128 3596 enim
1143 3559 1189 3595 nos
1206 3545 1232 3594 ιιι

144 3618 224 3680 lign03
234 3621 263 3669 ut
278 3620 304 3667 et
316 3621 393 3667 filium
409 3620 473 3680 patri
487 3620 615 3681 redderet,
626 3633 673 3668 nec
698 3621 791 3680 gremio
802 3620 938 3678 corporali,
947 3619 991 3665 sed
1003 3616 1145 3676 inquodam
1156 3615 1232 3662 bono-

144 3686 237 3745 periret
261 3686 339 3736 hostia
368 3689 497 3737 sacerdoti.
516 3689 600 3749 ltaque
626 3701 673 3743 neo
698 3700 753 3735 rum
763 3689 884 3735 factorum
896 3685 1074 3735 amictusancti
1086 3683 1232 3744 patriarcnae

128 3778 133 3784 ·
144 3756 264 3803 Abrabam
271 3757 402 3816 parricidio
409 3759 553 3806 cruentatus
565 3760 615 3815 est,
626 3770 672 3805 nec
697 3757 798 3816 probata
807 3756 859 3803 Deo
869 3757 991 3803 successio
999 3755 1076 3802 fovet.
1086 3755 1181 3810 Nolite,
1193 3753 1230 3800 in·

144 3825 211 3872 Deus
228 3825 345 3872 sacrificio
357 3826 522 3874 defraudatus.
539 3827 608 3872 Vidit
618 3838 674 3886 pro·
697 3825 765 3885 quit,
778 3827 855 3872 seduci
861 3857 869 3882 ,
881 3827 944 3872 Deus
956 3828 1001 3871 iton
1014 3824 1140 3871 deridetur.
1170 3868 1173 3873 .

145 3895 233 3953 pheta,
249 3907 294 3942 nec
310 3896 434 3943 affectavit
449 3896 605 3954 jactantiam,
626 3895 672 3942 nec
728 3894 781 3942 lob.
791 3893 944 3941 Advertlmus
952 3906 1025 3953 quam
1035 3904 1109 3952 grave
1118 3891 1151 3939 sit
1159 3888 1233 3938 sacri·

144 3963 225 4011 tonuit
242 3963 417 4023 pertinaciam:
429 3976 501 4011 ovem
512 3975 555 4021 pro
570 3962 672 4010 bomine
697 3963 789 4022 legium
808 3963 1013 4010 resurrectionem
1021 3973 1070 4009 nou
1082 3961 1200 4018 credere3
1212 3959 1232 4005 si

144 4031 258 4084 sonavit.
269 4033 323 4094 Quo
338 4031 414 4093 magis
433 4031 584 4091 ostenditur,
596 4043 670 4092 quam
698 4031 763 4078 enim
785 4042 833 4078 non
853 4028 1020 4091 resurgimus,
1042 4040 1099 4090 ergo
1123 4027 1233 4076 Christus
