2760 4800
445 444 690 494 belsuomulu
710 444 847 491 classls
866 446 899 490 ll.
1176 440 1224 489 ²103

143 528 296 588 praetendere
312 527 412 578 adtiucs
421 531 546 590 gentium,
555 540 603 588 quo
618 539 671 574 om·
724 527 748 573 9.
756 528 873 574 Servatur
881 525 1017 585 discipulls,
1026 524 1090 584 quod
1100 525 1155 584 plus
1165 536 1223 580 con·

144 608 188 644 nes
206 599 443 658 conventrensem
464 599 565 647 timeret
581 595 671 643 tluctus
695 594 840 656 temturpro
854 595 995 655 laboribus3
1006 595 1110 654 ideoque
1132 595 1224 641 insola-

144 664 201 712 ritae
219 665 292 724 buius
310 666 337 714 et
355 667 492 726 procellas;
515 665 573 725 quia
594 662 671 710 babet
694 664 883 724 tumpromisit,
904 663 1123 723 remuneremur.
1140 664 1223 722 ltaque

144 731 253 780 cbristus
274 744 350 782 nares
363 733 478 791 Tharsis,
500 730 670 790 intelligibiles
694 730 768 790 isqui
781 732 825 778 sub
840 733 892 779 ictu
909 734 995 780 mortis
1014 732 1181 790 convertitur,
1198 731 1224 778 et

83 841 87 847 .
144 799 256 860 scilicet,
271 814 328 862 quas
347 801 492 861 percurrant
509 811 592 858 mare,
603 797 629 845 et
640 796 670 843 ad
693 799 824 847 condietur
841 799 973 846 Dominum
983 798 1080 859 iesum,
1099 799 1225 846 mereatur

144 867 230 929 templi
246 871 451 918 constructionem
462 869 516 928 pias
526 879 620 914 merces
629 865 671 912 ad·
692 866 827 915 incolatum
835 869 942 928 paradisi
951 869 1074 928 :quivero
1082 869 1159 915 rnulto
1167 867 1225 915 suto

143 937 244 986 rebant.
260 939 288 984 lu
298 938 438 996 huiusmodi
453 937 558 986 navibus
572 934 671 994 navigat
695 949 720 983 se
733 938 864 997 exercuit,
883 937 909 984 et
924 937 1021 985 Cbrrsto
1032 937 1166 995 militavit,
1181 935 1226 983 ad-

144 1006 266 1066 Cbristus,
278 1008 304 1055 et
313 1008 340 1054 in
355 1007 433 1067 puppi
450 1009 575 1067 tamquam
593 1005 671 1050 bouus
694 1006 797 1065 quisivit
806 1007 954 1066 populorum
965 1006 1120 1065 auimas‚pro
1130 1005 1225 1052 Christo

145 1075 293 1133 eubemator
309 1077 440 1136 tranquillo
456 1074 564 1136 quiescit
580 1072 643 1120 marl
662 1086 669 1118 a
694 1085 720 1120 se
736 1075 839 1138 obtullt3
856 1074 946 1121 babeat
962 1075 1076 1134 paratum
1095 1071 1225 1131 stipendiis

144 1144 264 1190 commoto
276 1144 407 1204 excitatur,
416 1144 441 1190 et
452 1142 564 1202 increpat
573 1141 669 1199 ventos,
694 1136 745 1189 suis
755 1143 800 1189 Dei
821 1153 940 1202 regnum,
955 1142 1026 1200 cujus
1040 1153 1067 1189 se
1081 1143 1225 1187 remunera-

143 1212 171 1257 ut
182 1211 232 1257 suis
243 1212 447 1272 tranquillitatem
454 1210 671 1258 retundatl'reus·
696 1209 762 1257 tione
774 1210 890 1257 donatum
908 1210 1022 1269 gaudeat.
1033 1208 1139 1267 ldeoque
1152 1207 1224 1253 Petro

144 1276 198 1324 iens
209 1290 305 1339 quoque
324 1279 355 1326 ad
369 1281 469 1340 gentes,
483 1280 547 1326 banc
564 1276 670 1324 animam
695 1277 786 1325 dicitur
796 1293 803 1324 a
813 1278 865 1326 libi
875 1279 935 1325 dubo
944 1279 1018 1325 clevos
1028 1279 1094 1338 requi
1104 1278 1224 1322 celorum.

144 1343 252 1406 liberat,
263 1359 317 1407 quae
328 1348 399 1406 begis
409 1347 516 1396 vinculis
526 1346 669 1403 tenebatur3
695 1347 731 1392 Dr
741 1345 869 1393 latrocinio
879 1357 1012 1396 conuersus
1017 1344 1131 1402 requiem
1140 1342 1223 1402 babet,

144 1423 177 1460 ue
187 1413 303 1462 transiret
313 1416 344 1463 ad
354 1416 482 1464 nationum
493 1413 623 1462 consortia.
695 1414 721 1460 iu
741 1415 878 1474 apostolatu
895 1414 1012 1475 probatus
1028 1413 1125 1473 accepit
1143 1408 1225 1473 potes-

173 1479 198 1527 6.
204 1482 278 1529 veuit
288 1483 314 1530 in
322 1484 476 1542 bethaniam,
485 1484 511 1530 in
520 1483 603 1530 locum
613 1481 671 1528 obe·
695 1485 779 1532 tatem.

143 1546 260 1610 ditionis,
271 1551 328 1598 ideo
345 1552 382 1599 ibi
397 1553 508 1599 mortuus
526 1550 669 1608 suscitatum
725 1555 762 1600 lt).
774 1554 831 1601 llaec
843 1553 881 1602 osi
895 1554 979 1600 anima
994 1552 1154 1611 evangelica,
1170 1551 1224 1599 baec

143 1620 278 1668 cumcuim
295 1632 351 1669 caro
368 1621 466 1669 subdita
477 1619 555 1667 tuerit
566 1619 669 1678 animae,
691 1620 732 1668 est
755 1621 786 1669 de
809 1622 937 1682 gentibus,
956 1621 1008 1669 baec
1024 1621 1074 1667 lilia
1096 1619 1224 1679 Ecclesiae,

143 1684 201 1734 tunc
210 1688 260 1745 iam
271 1699 320 1734 nou
330 1688 400 1748 quasi
415 1689 510 1735 mortua
521 1688 585 1745 iacet
594 1688 620 1732 iu
630 1698 670 1733 se·
693 1690 766 1748 longe
777 1690 865 1737 melior
876 1700 890 1736 e
902 1702 987 1748 cursu,
999 1702 1073 1748 quam
1084 1689 1126 1735 illa
1138 1700 1170 1734 en
1180 1687 1225 1733 Ju-

143 1753 228 1812 puicro
244 1767 288 1801 suo
305 1756 414 1802 conditio
431 1757 552 1813 bumana,
568 1754 612 1801 sed
629 1765 671 1799 re·
694 1757 745 1803 daea
756 1759 879 1817 projecta,
896 1758 928 1804 ad
937 1758 1066 1803 Dominum
1077 1758 1179 1814 lesum,
1198 1759 1224 1803 et

143 1822 273 1868 suscitatur
279 1824 432 1883 pergratiam
440 1822 541 1869 curisti:
551 1821 586 1867 ibi
595 1821 670 1868 etiam
695 1824 724 1870 ad
735 1826 862 1882 superiora
874 1836 900 1870 se
914 1824 986 1870 bonis
1003 1823 1112 1870 consiliis
1129 1824 1154 1870 et
1165 1834 1225 1881 ope-

144 1900 170 1936 se
178 1891 271 1948 proDei
280 1891 379 1938 nomine
390 1889 496 1949 passioni
505 1889 565 1936 dicit
574 1888 669 1935 otierre.
695 1891 762 1937 ribus
773 1892 911 1947 adtollens,
922 1903 995 1948 quam
1011 1889 1120 1947 suscepit
1128 1890 1155 1935 iu
1165 1888 1224 1935 Gol-

144 1955 179 2003 De
190 1958 248 2005 loco
266 1959 427 2017 obeditionis,
443 1959 471 2005 ut
486 1957 610 2003 lohannes
628 1955 672 2002 do-
695 1959 768 2017 gotha
778 1960 896 2006 cbristus.
907 1958 945 2003 lbi
961 1957 1018 2004 lidae
1028 1958 1185 2016 sepulcrum3
1198 1961 1225 2004 ut

145 2025 185 2071 cet
194 2056 202 2083 ,
212 2025 239 2071 in
249 2026 480 2086 Ephraemducituu,
492 2024 518 2070 id
529 2025 579 2084 est„
588 2023 619 2069 ad
628 2022 672 2068 bo·
695 2028 766 2074 illum
780 2028 905 2074 mortuum
917 2027 943 2072 in
953 2039 996 2073 sua
1009 2037 1080 2072 cruce
1092 2027 1225 2073 resuscita·

144 2105 232 2140 uorum
248 2095 374 2141 fructuum
389 2087 583 2142 ioecuarditatem‘
593 2103 601 2137 a
613 2091 670 2138 iude
695 2097 742 2143 ret.
753 2097 799 2143 Ubi
809 2107 869 2155 ergo
888 2095 914 2141 iu
926 2095 1001 2141 Adam
1017 2106 1085 2141 mors
1094 2095 1221 2154 omniurn,

145 2161 172 2206 in
189 2163 333 2225 bethaniam
348 2163 491 2218 reducitur,
502 2161 528 2207 id
547 2161 601 2217 est,
612 2160 672 2206 obc-
696 2163 1142 2211 ibiinchristoomniumresurrectio.
1153 2163 1222 2220 Vale,

144 2228 276 2287 dieutiam;
288 2230 364 2276 semel
376 2230 442 2277 enim
451 2242 506 2289 quae
516 2229 565 2288 piae
576 2228 672 2286 subjec-
695 2233 740 2295 fili,
751 2234 777 2281 et
785 2245 828 2281 nos
837 2231 1041 2292 dlllge3quianos
1052 2232 1076 2278 te
1087 2230 1222 2290 diligimus.
1242 2281 1244 2286 ,

144 2297 218 2344 tionis
229 2297 334 2344 fructum
343 2298 487 2357 gustaverit,
497 2308 594 2343 servare
604 2308 671 2354 eam,

144 2367 171 2412 et
181 2365 207 2411 in
216 2377 244 2413 ea
254 2365 353 2425 probari
365 2364 453 2426 saepius
464 2376 619 2424 nequaquam
631 2376 679 2412 πο·-

904 2359 996 2376 ρ

145 2435 279 2550 cu{alinde
297 2503 349 2560 jam
367 2501 468 2562 probata
478 2501 670 2558 Hierosolymam

144 2571 229 2630 venit,
240 2572 312 2631 digera
329 2582 383 2631 quae
395 2570 427 2616 sit
443 2569 471 2615 ln
481 2568 600 2626 templum
612 2569 670 2623 Dei,

145 2638 227 2699 inqua
238 2640 348 2687 Christus
364 2635 616 2692 babitaret.Denique
635 2645 672 2680 se-

144 2707 206 2755 dens
214 2721 288 2768 super
296 2709 392 2768 pullum
400 2706 474 2753 asinae
480 2703 598 2750 Dominus
603 2703 672 2749 lesus

147 2785 204 2818 cum
214 2773 378 2831 gratulatione
397 2772 423 2818 et
434 2770 523 2831 gaudio
536 2769 674 2818 innocentis

147 2841 280 2900 suscipitur
296 2841 385 2888 aetatis.

177 2910 201 2957 8.
208 2911 292 2958 Postea
301 2910 327 2957 iu
335 2909 448 2970 paradiso
454 2908 530 2957 verba
536 2907 593 2955 ritae
603 2906 673 2954 aeter-

148 2989 187 3024 nae
197 2976 331 3036 docentum
347 2978 413 3024 unde
429 2977 503 3023 etiam
515 2976 632 3022 Dominus
648 2985 674 3022 se

148 3045 262 3102 permisit
280 3045 349 3104 capi,
367 3045 431 3092 sieut
446 3044 571 3091 lohannes
590 3043 674 3090 scribit

148 3114 316 3173 Evangelista,
337 3114 477 3174 significans
492 3114 597 3160 animam
618 3125 674 3159 uos·

147 3184 225 3241 tram,
240 3183 281 3229 vel
304 3183 387 3241 potius
402 3181 568 3229 conditionem
586 3180 675 3227 huma—

148 3261 220 3309 nam,
235 3250 322 3297 solutis
333 3249 422 3297 erroris
439 3248 557 3306 vinculis,
567 3260 596 3295 eo
607 3248 674 3294 unde

148 3317 227 3374 eiecta
238 3319 290 3375 erat
301 3319 328 3366 in
340 3319 432 3376 adam,
442 3328 488 3376 per
497 3315 619 3362 Christum
634 3327 674 3362 re-

148 3399 263 3446 gressam.
274 3388 344 3434 Unde
363 3387 388 3434 et
399 3385 487 3432 latroni
497 3385 534 3431 illi
548 3384 673 3432 confitenti

77 3455 79 3462 “
148 3454 241 3502 dicitur
258 3457 353 3502 :Areten
371 3465 440 3500 umen
457 3455 509 3499 dieo
529 3453 588 3509 tibi,
609 3453 674 3500 bodie

148 3537 239 3571 seucum
259 3526 305 3571 eris
325 3525 350 3570 in
359 3521 479 3580 perediae.
497 3520 542 3564 llle
553 3519 673 3566 dixerat:

148 3594 262 3638 Memento
275 3592 336 3647 mei,
356 3600 410 3635 cum
426 3588 516 3634 ueneris
533 3588 559 3632 tn
578 3600 674 3645 repleam

149 3662 228 3718 triuru3
237 3659 346 3704 Glaristus
355 3667 403 3702 nou
414 3654 530 3713 dereguo
540 3653 673 3711 respondit,

149 3727 192 3772 sed
208 3728 239 3774 ad
257 3738 356 3774 causam
374 3725 466 3772 sllodie
484 3735 574 3769 mecum
585 3724 631 3769 eris
650 3724 674 3768 iu

147 3795 271 3855 peredeo,
286 3794 312 3841 id
322 3795 372 3852 cst,
381 3790 564 3840 reformandum
575 3789 675 3842 estante

149 3862 215 3922 quod
225 3862 339 3909 amissum
351 3861 397 3918 est,
405 3862 490 3919 postea
500 3857 675 3906 conterendum

781 2444 973 2511 uursroun
992 2441 1128 2518 uxxrrr.

694 2555 802 2604 ltopabaul
812 2554 878 2603 aliqui
887 2563 928 2592 cur
936 2551 991 2590 Deus
997 2561 1048 2590 cum
1056 2550 1079 2587 in
1088 2536 1225 2588 'testamento

718 2606 973 2645 relerielrcumeisionem
979 2604 1102 2648 instituerit,
1108 2613 1155 2640 eam
1163 2603 1226 2640 abro-

718 2661 799 2708 gararii
812 2661 835 2696 iu
849 2661 918 2696 novo?
927 2667 968 2695 cur
977 2659 1041 2694 etiam
1051 2657 1077 2694 de
1086 2659 1122 2694 illa
1136 2657 1226 2694 omuino

718 2713 788 2762 legem
798 2711 887 2756 tulerit,
901 2719 951 2748 cum
961 2710 1004 2756 ipsa
1012 2718 1107 2755 puerum
1121 2709 1144 2745 in
1153 2707 1227 2746 ebert.

718 2783 766 2812 men
779 2771 908 2810 adduceret?
919 2778 960 2807 cur
968 2767 1056 2806 landem
1065 2767 1089 2803 in
1097 2776 1121 2803 ea
1129 2766 1225 2812 eorporis

717 2829 776 2875 parte
784 2825 833 2862 fieri
843 2823 951 2861 voluerit?
962 2821 1062 2857 Primum
1071 2819 1140 2864 initur
1149 2821 1173 2854 ut
1183 2818 1225 2855 illle

716 2879 837 2924 satisfaciat,
847 2877 886 2923 qui
897 2877 958 2911 erant
972 2884 984 2910 a
998 2871 1040 2908 fide
1056 2870 1131 2916 alieni,
1140 2870 1224 2916 reponit

718 2931 904 2971 circumcisionem
917 2939 929 2964 a
941 2925 1069 2975 sapientibus
1077 2925 1141 2970 viris,
1151 2922 1225 2970 pluri-

718 2986 800 3033 misque
808 2982 890 3032 populis
903 2984 1027 3028 usurpatam
1039 2988 1093 3019 esse.
1105 2987 1145 3014 nec
1158 2977 1225 3013 deesse

720 3039 841 3083 rationem,
857 3045 898 3074 cur
916 3037 991 3071 octavo
1012 3033 1046 3069 die
1068 3031 1223 3082 celebraretur.

719 3091 799 3129 Deinde
819 3089 941 3126 christianos
958 3085 1018 3122 docet
1038 3083 1062 3120 in
1081 3084 1118 3120 ilia
1138 3083 1224 3128 signum

720 3147 728 3182 t
731 3146 781 3182 uisse
789 3141 936 3187 redemtionis,
945 3149 968 3178 ac
976 3137 1066 3187 proinde
1078 3137 1117 3174 ubi
1131 3136 1225 3184 pretium

717 3199 784 3248 >buius
797 3200 892 3236 solutum
906 3200 948 3240 est,
963 3195 1023 3231 illam
1038 3191 1109 3230 emitti
1122 3193 1167 3237 jani
1185 3190 1224 3226 de·

719 3254 792 3291 buisse.
805 3251 865 3289 Tum
876 3249 987 3287 haereticos
996 3248 1065 3293 legem
1078 3245 1104 3281 de
1114 3242 1226 3281 fundendo

719 3306 820 3353 sanguine
834 3302 990 3342 calumniantes
1006 3299 1096 3337 ostendit
1110 3297 1225 3344 passionum

719 3358 805 3398 Domini
818 3358 884 3396 umul
897 3355 1006 3392 damnare.
1021 3351 1125 3389 ilinc-eos
1136 3348 1226 3396 retollit,

719 3415 757 3462 qui
767 3413 816 3451 tidei
824 3409 1010 3452 circumcisionem
1019 3407 1109 3444 obfuisse
1118 3405 1224 3443 crimina-

720 3470 799 3506 bantur
806 3493 812 3514 ,
819 3467 873 3504 sicut
882 3469 902 3502 et
911 3465 969 3509 illos,
977 3462 1016 3509 qui
1028 3463 1111 3509 partem
1120 3458 1226 3505 corporis,

719 3533 768 3569 quae
776 3521 878 3558 naturalis
891 3521 940 3555 esset
949 3516 1120 3562 ,argutabantur
1135 3521 1176 3549 nou
1186 3519 1226 3548 esse

719 3574 861 3612 recidendam.
874 3572 982 3608 Postremo
994 3566 1093 3614 pluribus
1105 3565 1131 3602 de
1143 3565 1228 3603 occulta

719 3627 884 3664 christianorum
895 3620 1057 3659 circumcisione
1066 3619 1185 3665 disputatis,
1194 3625 1227 3654 eos

720 3679 746 3716 nd
753 3682 864 3716 externam
875 3674 951 3723 probat
964 3682 1006 3710 non
1015 3670 1113 3719 obligari.

813 3762 951 3812 Ambrosius
966 3757 1115 3807 Constantio.

729 3861 752 3906 l.
771 3859 827 3906 Nou
848 3855 978 3904 mediocris
995 3855 1125 3914 plerosque
1139 3848 1228 3907 vmovet

149 3934 175 3979 id
192 3935 256 3993 quod
267 3933 403 3993 augendum
419 3931 472 3990 est;
483 3930 512 3976 ut
523 3940 569 3990 per
578 3927 676 3988 paradi·
700 3926 938 3988 questiuqoaeausa
944 3918 1097 3970 circumcisio
1106 3915 1130 3962 et
1137 3914 1228 3960 veteris

149 4016 202 4050 sum
220 4003 251 4049 nd
270 4013 373 4060 regnum
390 3993 563 4060 perueniatur,
573 4010 621 4045 uon
632 4009 681 4058 per
699 3994 847 4045 Testamenti
859 3991 1003 4040 auctoritate
1016 3984 1085 4048 quasi
1098 3981 1168 4029 utilis
1180 3982 1227 4028 irn-

700 4066 814 4124 peretur,
825 4064 850 4109 ot
859 4060 917 4108 novi
927 4053 1076 4105 Testamenti
1087 4051 1228 4109 magisterio

147 4083 254 4131 regnum
264 4071 295 4118 ad
306 4069 452 4131 paradisum.
1109 4123 1127 4162 's

1101 4128 1135 4165 Ε).
