2760 4800
237 365 283 442 sno
408 450 413 457 ‚
636 373 930 441 siucrriusnosrl

235 479 282 527 Dei
292 479 395 539 Filium,
407 477 432 525 et
442 488 529 525 verum
536 476 631 536 Deum,
642 476 765 525 sibonum
788 475 866 534 tores,
877 479 903 522 ct
917 471 1041 521 adulteros
1050 464 1314 530 verisimillimi-

236 546 331 606 Deum,
351 546 377 594 et
387 544 540 606 sapientem,
552 546 578 592 et
589 546 727 605 potentem,
739 546 764 592 et
788 541 1001 591 cibusciementiae
1009 539 1136 589 vesiraead
1143 540 1314 597 judiclacom·

235 613 444 661 immortalitatem
452 610 584 659 habentem
592 610 764 659 volueruniia·
788 613 910 671 petentia,
937 612 968 658 ab
987 609 1103 657 Ecclesiae
1123 609 1244 657 arcendos
1264 620 1315 656 essa

235 680 292 730 teri.
304 682 392 729 Multas
401 679 567 729 borasiruslra
576 679 763 728 consumsimus.
787 681 927 740 liminibus,
939 680 964 727 et
974 679 1004 727 ιιι
1016 679 1042 725 ιιι
1053 677 1228 724 damnatorum
1238 678 1315 724 locum

210 747 609 808 Crescebatillorumimpietas,
619 747 763 807 neccocriqi
787 761 832 808 per
852 749 940 796 nostre
965 746 1093 806 parvitatis
1117 745 1214 805 legatos
1239 743 1314 794 sancti

234 816 286 864 nilo
301 817 397 876 poterat
408 811 489 863 modo
786 818 947 880 subrogentur
957 815 1103 866 sacerdotes

264 883 288 931 6.
310 885 422 950 Denique
442 894 499 930 cum
519 882 633 931 viderent
654 895 680 931 se
698 882 762 931 Arrii
815 887 840 934 9
859 883 967 932 Attalum
981 895 1078 944 quoqne
1095 880 1271 943 presbyterum
1284 881 1313 930 dc

234 951 344 1011 epistolae
364 951 499 1012 sacrilegiis
515 951 643 1011 perurgeri
662 950 671 1013 (
688 965 762 1012 quam
785 953 986 1012 praevaricatione
1002 948 1154 1009 contessum,
1171 951 1199 998 et
1213 948 1314 997 Palladii

234 1019 291 1068 ideo
307 1020 473 1080 subdidimus,
489 1020 518 1066 ιιι
529 1031 583 1066 eam
595 1020 670 1067 etiam
681 1022 762 1067 vestra
785 1022 918 1082 sacrilegiis
928 1021 1104 1079 inhaerentem,
1118 1019 1207 1078 parilis
1218 1021 1313 1067 senten-

234 1087 366 1136 clementia
376 1089 577 1148 perhorresceret
587 1086 612 1148 ),
623 1089 761 1137 resilientes
784 1089 1018 1149 tiacomprebendit
1027 1088 1151 1166 Numquid
1159 1087 1192 1135 de
1200 1087 1313 1148 msqisuo

234 1155 265 1204 de
279 1157 360 1205 media
377 1156 486 1215 epistolae
502 1155 625 1214 lectione,
635 1156 762 1215 petierunt
785 1157 839 1217 ejus
848 1159 945 1206 iuliano
955 1156 1060 1204 Valente
1068 1147 1196 1204 meamus!
1205 1155 1249 1216 qui
1259 1168 1312 1203 cum

233 1227 262 1275 ut
282 1240 367 1274 eorum
391 1225 522 1286 propositis
547 1225 760 1284 responderemus.
785 1226 850 1274 esset
859 1238 1000 1286 proximus,
1019 1213 1153 1273 decimavit
1162 1223 1312 1272 sacerdotale

232 1293 383 1354 Quamquam
403 1306 454 1341 non
478 1293 543 1340 esset
562 1293 662 1359 ordinis
680 1306 761 1354 neque
784 1284 933 1353 Concilium3
943 1306 976 1342 ne
991 1291 1311 1353 ercrsaepairias‚prodito·
1371 1352 1374 1359 Ι

232 1363 349 1423 rationis,
368 1361 397 1409 ut
421 1360 547 1422 proposita
568 1360 761 1421 interrumpere·
778 1374 887 1423 ,rumque
897 1362 991 1412 civium
1002 1364 1118 1422 praestare
1134 1373 1223 1410 causas
1232 1372 1312 1410 sacer·

232 1441 302 1489 mus3
322 1436 515 1490 responsumque
533 1428 599 1477 esset
614 1440 629 1476 a
645 1430 716 1478 nobis
733 1432 762 1479 ut
783 1429 881 1478 dotibus
893 1430 1029 1490 coneretur.
1040 1429 1087 1487 Qui
1097 1429 1173 1477 etiam
1184 1430 1311 1492 torquem,

233 1497 382 1546 damnarent
391 1498 454 1546 arrii
465 1496 617 1559 impietates,
628 1499 655 1546 et
664 1498 695 1546 de
705 1498 761 1559 qui-
783 1498 812 1545 ut
819 1497 955 1557 adseritur,
964 1497 989 1545 et
997 1496 1138 1555 brachiale,
1147 1497 1248 1557 gothica
1259 1510 1313 1557 pro·

228 1565 281 1615 ‘bus
290 1567 400 1626 veilent,
416 1565 517 1624 ordine,
535 1566 635 1626 iocoque
650 1568 760 1626 servato,
783 1562 879 1611 lanatus
889 1563 1031 1623 impietate,
1042 1575 1109 1611 more
1123 1563 1311 1623 indutusqenti·

234 1646 320 1683 eorum
337 1633 518 1683 intentionibus
531 1633 733 1693 responderemus
751 1650 758 1682 ι
782 1632 858 1691 lium,
869 1645 943 1680 ausus
954 1631 1027 1680 sitin
1040 1633 1173 1692 conspectu
1187 1635 1311 1682 exercitus

216 1700 220 1708 ¹
232 1701 316 1750 ιιιιιιιι
326 1701 499 1762 adquievimus
509 1702 664 1761 praeposterae
673 1703 760 1750 volun·
782 1701 879 1759 prodire
889 1700 991 1748 Romani
1011 1713 1019 1745 ι
1036 1701 1101 1760 quod
1112 1700 1165 1747 sine
1177 1701 1310 1761 dubionon

232 1769 287 1818 tati.
296 1769 528 1828 lbitumiivangelii
539 1769 758 1829 scriptaiaisanics,
782 1768 860 1815 solum
884 1769 910 1816 in
927 1768 1052 1816 sacerdote
1070 1768 1245 1830 sacrilegium,
1267 1770 1313 1817 scd

218 1837 491 1898 proposueruntnoois
507 1836 599 1885 dixisse
613 1838 758 1886 Dominum:
782 1835 857 1884 etiam
879 1837 905 1884 iu
927 1849 1082 1896 quocumque
1104 1837 1239 1886 christiano
1260 1838 1308 1898 est3

231 1906 279 1965 Qui
302 1918 342 1952 me
367 1905 451 1965 misit,
472 1905 549 1962 maior
570 1917 609 1951 me
631 1907 682 1965 est,
703 1919 758 1954 cum
782 1904 875 1952 etenim
894 1906 1009 1953 abhorret
1023 1917 1116 1952 amore
1128 1907 1248 1954 Romano.
1259 1907 1309 1954 Nisi

232 1974 432 2035 aliterscripium
449 1973 535 2022 doceat
551 1973 628 2021 series
648 1974 759 2041 Scriptu-
782 1972 845 2034 forte
864 1973 899 2020 sic
919 1973 999 2020 solent
1016 1972 1150 2020 idololatrae
1171 1973 1308 2022 sacerdotes

231 2055 323 2092 rarum.
781 2041 879 2100 prodire
890 2041 1034 2088 Gothorum.

221 2127 225 2134 ¹
262 2113 286 2160 ι.
297 2112 430 2174 Redarqutl
440 2112 471 2160 dc
482 2111 588 2161 falsitate
599 2111 672 2172 sunt,
684 2113 712 2160 ut
722 2112 759 2160 ia·
812 2109 851 2156 iu.
869 2111 965 2158 Movent
974 2110 1093 2169 pietatem
1102 2110 1210 2157 vestram
1228 2123 1307 2159 sacer-

135 2232 137 2236 ,
214 2183 358 2242 ιιι-ιιιιιιις
374 2195 421 2229 nec
438 2182 522 2228 tamen
539 2181 633 2228 ratione
644 2182 756 2229 correcti.
781 2177 861 2225 dotale
877 2190 980 2236 nomen,
998 2179 1064 2237 quod
1074 2179 1117 2225 ille
1128 2179 1262 2240 sacrilegus
1272 2181 1307 2228 in·

231 2252 291 2298 llam
310 2263 365 2297 cum
383 2249 521 2297 diceremus
532 2250 665 2296 secundum
678 2251 757 2297 carnis
782 2245 856 2293 iamet
868 2259 875 2292 ι
887 2246 930 2306 qni
947 2247 1022 2294 etiam
1038 2259 1138 2294 suorum
1151 2247 1269 2308 vocibus,
1286 2249 1306 2296 si

230 2319 410 2377 susceptionem
417 2317 537 2363 minorem
543 2318 765 2374 Peiresquilium¹
780 2314 823 2372 qui
836 2314 919 2362 tamen
932 2328 1060 2374 superesse
1076 2315 1193 2375 possunt,
1208 2316 1306 2364 nefandi

231 2387 295 2444 dici,
307 2386 440 2432 secundum
447 2384 607 2432 divinitatem
618 2386 700 2433 autem
712 2401 755 2446 pro
779 2384 880 2431 sceleris
889 2385 1008 2443 arquitur:
1020 2384 1089 2431 Certe
1101 2384 1202 2432 domum
1212 2386 1307 2444 repetat

230 2451 377 2500 testimoniis
392 2451 571 2511 Scripturarum
589 2465 673 2513 parem
691 2455 754 2502 Patri
779 2464 861 2510 suam,
887 2465 937 2513 non
958 2453 1109 2501 contaminet
1129 2451 1306 2501 florentissime

231 2522 257 2569 et
267 2521 385 2580 aequalem
396 2520 508 2579 probari,
519 2533 566 2566 nec
575 2533 644 2580 pesse
655 2522 690 2568 ibi
702 2536 754 2572 esse
779 2520 856 2568 ltaliae
867 2520 992 2580 civitates,
1003 2523 1045 2581 qui
1056 2534 1121 2569 nunc
1132 2522 1229 2571 illicitis
1241 2522 1305 2570 ordi·

230 2589 383 2637 discretionis
390 2588 477 2648 gradm
485 2588 602 2649 alicuius,
614 2591 655 2636 aui
664 2593 756 2649 magni·
778 2590 919 2637 nationibus
939 2590 1078 2638 consimiles
1098 2590 1137 2637 sui
1153 2589 1231 2638 sociat
1245 2588 1303 2649 sibi,

229 2656 330 2714 tudinis,
342 2656 456 2704 ubiesset
466 2656 546 2704 unitas
557 2657 696 2718 potestatis3
707 2673 754 2708 ιιοιι
779 2656 804 2703 et
819 2657 979 2705 seminarium
996 2658 1085 2717 quaerit
1100 2670 1152 2705 sue
1169 2657 1304 2718 impietatis

229 2726 306 2776 solum
316 2725 753 2790 illinoluernntemendareerrorem,
777 2725 851 2784 atque
862 2727 970 2786 perfidiae
978 2739 1023 2787 per
1032 2739 1138 2786 quosque
1147 2727 1304 2786 perditosdc-
1356 2747 1359 2754 ·

229 2795 273 2844 sed
290 2794 497 2841 ctiam-vesaniam
509 2804 599 2851 augere
610 2797 752 2858 coeperunt,
776 2794 931 2856 relinquere;
943 2796 986 2856 qui
994 2796 1123 2856 episcopus
1133 2807 1187 2842 esse
1199 2808 1246 2843 nec
1255 2807 1304 2843 cos-

229 2865 256 2914 ιιι
268 2866 293 2911 et
303 2861 439 2919 subiectum
449 2862 584 2909 secundum
599 2863 752 2913 divinitatem
776 2863 822 2921 pit.
834 2865 895 2910 Nem
905 2864 984 2923 primo
994 2864 1126 2912 Patavione
1136 2863 1303 2924 superpositus

209 2972 211 2977 .
228 2931 339 2981 dicerent
349 2931 451 2990 Filium,
468 2930 536 2990 quasi
547 2931 598 2977 ulia
611 2931 657 2978 Dei
667 2944 753 2980 secun·
776 2932 856 2979 iuerat
872 2934 955 2981 sancto
973 2933 1026 2980 viro
1039 2933 1132 2990 idarco,
1152 2931 1302 2989 admirabilis

228 3003 285 3049 dum
301 2999 455 3054 divinitatem
473 2999 499 3044 et
513 2998 664 3056 maiestatem
684 3012 752 3047 snam
775 3002 1031 3049 memoriaesacerdoti
1051 3015 1058 3048 ι
1079 3001 1122 3048 sed
1142 3002 1302 3062 posteaquam

151 3062 156 3070 “
228 3068 303 3128 possit
314 3078 366 3113 esse
381 3065 509 3122 subjectio.
528 3066 630 3112 Mortem
643 3068 749 3127 denique
776 3069 918 3118 deformiter
936 3071 1047 3128 dejectus
1065 3083 1079 3117 a
1097 3070 1171 3130 plebe
1190 3072 1242 3129 est,
1260 3071 1301 3130 qui

228 3137 282 3193 ejus
291 3146 340 3180 non
355 3133 385 3179 ad
395 3132 575 3180 sacramentum
586 3134 674 3180 nostrae
685 3137 752 3181 salu·
774 3136 905 3184 Patavione
917 3151 969 3186 esse
981 3151 1030 3187 uon
1041 3138 1133 3199 potuit,
1147 3137 1169 3184 is
1176 3150 1243 3186 nunc
1253 3139 1301 3186 lile-

227 3204 276 3261 tis,
295 3202 338 3248 sed
353 3201 383 3247 ad
393 3200 560 3260 infirmitatem
570 3202 701 3259 quamdam
712 3203 751 3249 di·
774 3205 864 3252 diolani
883 3207 937 3266 post
948 3208 1100 3255 eversionem
1114 3206 1218 3267 patriae,
1235 3207 1301 3254 dica·

226 3270 337 3319 vinitatis
346 3269 467 3316 referunt
774 3286 826 3321 mus
834 3274 1012 3335 proditionem
1021 3275 1208 3334 inequitavit.

256 3339 280 3386 8.
294 3339 440 3394 Horremus,
458 3336 641 3384 clementissimi
652 3339 750 3387 Prinos
803 3343 841 3388 ll.
854 3342 932 3402 Super
939 3344 1052 3391 omuibus
1062 3356 1120 3403 ergo
1129 3342 1210 3402 pietas
1218 3343 1300 3405 vestra

225 3417 283 3467 pes,
308 3404 359 3450 tam
380 3403 433 3449 dira
454 3404 595 3463 sacrilegia,
613 3417 748 3467 pravosque
772 3410 841 3457 nobis
849 3411 976 3458 consulere
985 3412 1111 3470 dignetur
1117 3411 1300 3460 nenesobtem·

225 3472 352 3520 doctores:
361 3471 749 3534 etneultcriuspopulosdecipe-
771 3480 885 3537 perantes
896 3479 984 3527 vestrae
992 3478 1178 3539 tranquillitatis
1188 3480 1298 3540 statutis,

225 3541 282 3590 rent
291 3547 351 3598 quos
362 3539 492 3598 tenebant,
503 3540 637 3588 sacerdotio
650 3542 748 3601 putavi·
772 3546 860 3594 trustra
877 3548 1019 3594 convenisse
1037 3547 1176 3596 videamur.
1194 3549 1249 3595 llon
1263 3561 1299 3605 se·

225 3621 280 3656 mus
298 3607 458 3666 abdicandos3
481 3608 596 3668 quoniam
612 3611 704 3658 subditi
719 3613 749 3659 li·
771 3615 822 3662 lum
838 3615 904 3662 enim
919 3615 1056 3662 caverrdum
1077 3614 1126 3674 est,
1145 3627 1179 3661 ne
1199 3617 1296 3675 nosue,

186 3684 187 3691 ’
205 3700 209 3709 ·
225 3677 285 3724 belli
296 3676 464 3735 impietatibus
475 3677 644 3726 concinebant.
663 3682 747 3741 Neque
771 3682 814 3729 sed
831 3683 906 3730 eiiam
922 3683 1004 3731 vestra
1020 3682 1118 3730 decreta
1135 3681 1296 3737 infamentur.

223 3746 292 3795 enim
309 3745 409 3804 dignum
425 3747 502 3793 estut·
515 3747 568 3804 ejus
585 3749 747 3798 sacerdotium
771 3747 877 3797 Petimus
888 3749 1096 3809 igiturotieqaios
1103 3749 1296 3809 concilii,sanc·

223 3812 271 3864 sibi
278 3812 412 3871 vindicent,
420 3825 491 3871 quem
501 3816 628 3873 negarunt.
637 3817 746 3864 Vestram
770 3819 807 3865 tos
817 3817 883 3865 viros
894 3830 963 3878 aeque
974 3818 1105 3867 clementia
1115 3819 1197 3868 vestra
1209 3820 1295 3871 audire

223 3883 310 3940 fidem,
329 3880 434 3929 vestram
454 3882 555 3939 gloriam
573 3883 746 3945 deprecamur,
771 3885 898 3945 dignatur,
915 3887 939 3933 ei
955 3899 1011 3933 cum
1025 3884 1115 3934 eiiectu
1133 3898 1220 3934 eorum
1241 3901 1295 3948 quos

223 3953 252 4000 ut
259 3948 445 3999 reverentiam
438 3951 535 4008 impern
543 3953 619 3999 vestri
630 3952 747 4000 deieratis
769 3953 904 4014 poscimus,
920 3955 1042 4003 maturius
1056 3953 1138 4002 redire
1154 3956 1296 4017 precipiat,

222 4017 329 4076 auctori,
341 4015 507 4079 censeatisque
520 4018 654 4087 impietate
663 4021 746 4074 adser-
769 4022 797 4074 ιιι
806 4023 946 4074 mercedem
959 4024 1111 4087 recipiatisn
1126 4024 1232 4077 Domino
1243 4026 1294 4077 lieo
