2760 4800
214 445 246 492 Εὖ
601 447 727 490 SANCTI
747 442 913 490 tussnosrt

214 530 244 576 Et
252 529 310 576 alibi
322 541 328 574 :
338 530 388 587 duo
396 538 448 574 suin
455 519 544 586 prtinus
549 529 585 583 ,et
593 539 634 586 epo
641 529 666 573 in
673 529 742 573 aler·
797 526 835 573 l0.
846 525 923 571 Datus
933 523 970 570 est
979 523 1062 569 autem
1072 522 1099 569 et
1108 520 1212 580 Spiritus
1222 531 1296 567 sane·

214 612 271 646 num
282 613 290 643 .·
301 599 323 644 et
333 608 418 643 manus
428 608 480 641 rnca
490 594 596 652 inundauit
607 597 709 649 terram,
721 597 742 639 et
766 591 821 649 tus3
832 593 889 649 quia
900 589 992 637 lectum
1009 589 1047 635 est
1058 601 1065 633 ε
1076 588 1171 649 liopalio
1183 590 1296 643 Patrern,

215 662 567 720 deuterameasolidaottcoelum
575 676 584 708 .·
593 662 678 708 oocolo
690 675 741 717 eos,
766 662 788 706 ct
799 660 873 705 aliurn
881 659 1023 718 paraclitum
1037 657 1101 703 dulit
1111 657 1185 704 volis.
1193 655 1224 701 Et
1233 656 1297 715 Apo·

214 737 237 782 et
254 732 378 780 adstabant
396 731 481 786 simul,
503 731 525 776 et
543 729 743 789 conprepaltuntue
766 728 842 774 stolus
853 727 902 775 ait:
918 728 1063 787 Quapropter
1078 728 1119 784 qui
1136 725 1297 785 inceperat,

214 814 302 857 omnes,
313 803 334 847 et
343 801 443 847 audient.
453 799 742 860 Quisillislioeedenuntia-
766 809 813 842 non
825 796 942 843 liorniuem
952 796 1197 854 spernit,sed1ieum,
1208 795 1251 853 qui
1258 794 1299 839 de-

213 869 263 920 oit?
280 871 383 929 Dilipens
402 871 436 925 le,
456 869 500 927 teci
515 868 656 915 ooliuntateoi
677 870 742 914 tuam
766 866 801 911 dit
816 865 928 924 Spiritum
943 877 1012 910 suurn
1023 865 1047 909 in
1059 862 1133 910 notis.
1144 862 1226 909 Esaias
1236 872 1298 922 quo·

214 941 322 987 adoerius
340 938 494 996 Babylonem,
510 938 536 982 ut
555 936 649 983 tollatur
665 947 742 982 semen
766 944 814 990 que
826 933 851 978 et
866 931 984 989 Spiritum
1001 929 1085 976 datum
1102 929 1209 976 ostendit
1219 928 1245 975 et
1254 928 1298 981 Fi-

214 1006 385 1056 (llraldoeorurn.
401 1007 451 1064 Epo
468 1006 575 1064 loquutus
590 1016 642 1051 sum
648 1036 657 1062 ,
670 1007 691 1050 et
701 1016 741 1063 epo
767 1001 828 1047 lium
842 999 1207 1060 :Sic,inquit,dieit1iominus
1218 1001 1298 1054 Deus,

213 1077 294 1123 oocaoi
304 1089 312 1120 e
324 1075 413 1121 adduxi
427 1086 477 1119 eum
484 1105 492 1129 ,
511 1075 533 1119 et
546 1085 684 1132 prosperum
698 1073 743 1119 iter
766 1071 808 1128 oui
821 1069 874 1128 feeit
884 1070 979 1125 coelum,
991 1070 1013 1116 et
1022 1068 1093 1126 finiuit
1103 1069 1160 1114 illud
1171 1081 1179 1113 :
1190 1068 1232 1126 qui
1240 1066 1299 1113 toli-

213 1145 263 1202 cr'us
276 1144 328 1203 feei.
339 1143 443 1190 Accedite
454 1143 484 1187 od
498 1154 548 1198 me,
560 1144 581 1187 et
591 1142 669 1188 audite
683 1140 739 1187 iaec.
766 1139 828 1185 davit
845 1140 933 1185 mam
940 1169 949 1196 ,
959 1140 981 1184 et
996 1150 1046 1197 qua
1056 1138 1082 1183 in
1099 1151 1128 1184 ea
1137 1138 1211 1184 sunt:
1223 1135 1299 1182 eldat

214 1213 269 1261 iton
281 1212 311 1260 ali
326 1212 391 1258 initio
405 1213 431 1257 in
444 1210 531 1258 occulto
546 1210 654 1270 loquutus
669 1222 740 1258 sum:
764 1209 848 1268 populo
866 1210 907 1268 qui
923 1210 955 1256 eet
972 1222 1041 1268 super
1059 1221 1112 1255 eam
1130 1208 1255 1267 Spiritum,
1274 1207 1299 1252 et

212 1293 266 1327 cum
274 1280 367 1338 tamt,
376 1278 423 1325 illic
431 1291 505 1323 eram.
517 1279 548 1324 tlt
556 1290 618 1324 nunc
627 1280 741 1324 Dominus
766 1278 876 1336 Spiritum
884 1276 1028 1324 calcantibus
1036 1289 1098 1324 eam.
1109 1276 1138 1323 Et
1150 1274 1181 1321 ad
1190 1273 1297 1320 Filium

213 1350 357 1404 Deuamicit,
367 1350 388 1394 el
397 1348 496 1406 Spiritus
504 1347 562 1405 ejus.
571 1346 630 1403 Quis
639 1349 687 1406 est,
697 1349 740 1407 qui
764 1346 815 1405 Eoo
821 1348 937 1393 Dominus
944 1348 1016 1402 Deus,
1026 1346 1066 1404 oui
1073 1345 1214 1393 oocaoitein
1223 1343 1298 1402 equi-

213 1415 274 1463 dieit
286 1429 292 1463 :
305 1418 367 1464 Misit
376 1415 535 1461 rneDonninua
545 1416 622 1471 Deus,
633 1418 655 1462 et
665 1417 741 1475 Spiri-
766 1415 811 1461 tote
817 1446 826 1471 ‚
838 1417 859 1462 et
872 1414 950 1462 tenebo
960 1427 1057 1460 manum
1075 1416 1156 1471 tuam,
1168 1414 1190 1459 et
1199 1411 1258 1470 cont
1283 1435 1297 1446 -

212 1487 251 1533 tut
260 1483 323 1543 ejus,-
332 1483 380 1530 nisi
389 1481 431 1543 qui
440 1481 607 1530 venitai’atre
614 1483 654 1541 ‚ut
661 1484 740 1531 salvos
765 1483 818 1530 tolo
827 1486 849 1531 te
859 1498 867 1530 ε
876 1486 898 1530 et
908 1484 959 1531 dedi
968 1487 989 1532 te
1000 1485 1024 1530 in
1036 1484 1197 1530 testamentum
1205 1481 1298 1540 penam

213 1554 304 1600 iaceret
320 1550 473 1613 peccatores?
486 1550 565 1608 Quem
580 1551 609 1599 ut
618 1552 703 1612 audis,
718 1556 740 1601 et
764 1552 824 1606 mei,
840 1553 866 1599 in
884 1552 957 1599 lucem
976 1552 1092 1612 pentiuni,
1111 1550 1201 1611 aperire
1218 1548 1298 1596 oeulos

167 1637 168 1640 ¹
213 1623 312 1682 Spiritus
322 1622 398 1679 misit,
410 1630 441 1665 ne
452 1631 508 1665 cum
519 1619 581 1678 legis
595 1620 739 1679 quintilius
763 1632 876 1666 coecorum
883 1653 891 1677 ,
903 1622 995 1668 adnuere
1012 1622 1039 1667 ele
1056 1620 1154 1667 vinealis
1172 1618 1293 1678 altipatos.

212 1689 331 1750 Spiritum
337 1687 612 1746 mittit,iuieriorisesse
621 1687 739 1749 Spiritum
764 1689 823 1734 Cum
834 1700 891 1748 ergo
906 1689 984 1736 Filius
995 1689 1020 1736 et
1030 1688 1118 1735 missus
1129 1686 1154 1734 et
1165 1686 1235 1732 datus
1246 1684 1296 1743 sit,
1335 1702 1340 1709 ·

213 1757 326 1807 crederes
336 1756 471 1818 potestatis.
764 1755 868 1823 Spiritus
876 1769 973 1818 quaque
982 1758 1071 1805 missus
1081 1756 1107 1804 et
1113 1755 1183 1803 datus
1194 1753 1227 1802 sit
1236 1753 1298 1813 3hu·

169 1831 171 1835 ’
242 1828 268 1876 8.
279 1828 339 1887 Ergo
348 1826 373 1874 et
382 1827 453 1873 Pater
463 1824 555 1873 Filium
565 1825 739 1888 mislt,etSpi-
766 1825 824 1871 bent
843 1826 935 1885 utiquo
946 1825 1068 1873 unitatem
1082 1823 1235 1884 divinitatis,
1250 1821 1296 1885 qul

212 1896 292 1946 ritus:
303 1890 421 1956 Spiritum
431 1907 527 1955 quoque
538 1895 564 1942 et
576 1897 648 1945 Pater
659 1897 738 1957 misit,
765 1893 857 1942 habent
866 1895 946 1955 operis
956 1895 1087 1943 unitatem.

212 1967 239 2014 et
255 1965 349 2015 Filius:
365 1965 437 2011 Pater
453 1962 533 2023 misit,
549 1964 608 2024 quia
621 1966 739 2027 seriptum
808 1987 813 1999 ι’
984 1993 1066 2004 .-

213 2032 547 2106 estzParaeltlueautemille
562 2031 739 2095 Spirituesanc·
800 2087 802 2090 ,
924 2053 1050 2107 CAPUT
1068 2055 1128 2110 HL

211 2107 263 2163 tus,
282 2117 349 2164 quem
363 2104 436 2151 mittet
451 2104 524 2150 Pater
538 2103 563 2150 in
573 2106 667 2152 nomine
678 2118 738 2152 meo.

211 2172 287 2220 Filius
302 2171 383 2228 misit,
399 2170 457 2230 quia
471 2169 558 2216 dixit:
575 2173 634 2219 Cum
653 2176 740 2220 uenerit
765 2151 780 2189 Ε
895 2207 920 2216 ..
992 2209 1018 2218 ..
1088 2209 1093 2218 .
1245 2205 1267 2214 .-

209 2245 288 2290 autem
295 2242 428 2289 Paracletus
434 2271 443 2296 ‚
451 2253 519 2300 ouem
527 2253 567 2299 epo
574 2243 666 2288 mittam
677 2243 741 2290 uotis
786 2206 1053 2304 {gffirfffflmffffi
1062 2206 1296 2299 ,ffiffi’ssfflff

212 2325 228 2358 a
243 2313 330 2367 Patre,
345 2311 456 2368 Spiritum
472 2311 584 2356 oei-itatis.
600 2310 625 2356 Si
641 2323 698 2371 ergo
713 2325 738 2359 se
786 2314 835 2351 dina
848 2316 921 2363 iuuari
933 2313 1295 2363 divinorumintelligentium.Hoc

211 2377 320 2424 invicem
335 2377 411 2422 snus
423 2376 448 2422 et
459 2375 565 2434 spiritus
576 2379 739 2438 mutianus·
787 2366 1294 2416 insinuantem-uraritasaauaeusu·

211 2445 254 2494 eut
263 2445 334 2491 Pater
342 2444 431 2502 mittit3
440 2456 488 2504 non
500 2445 660 2503 subjectionis
671 2447 738 2508 inju.
785 2421 1294 2526 ffiaefflpaseffiuffiffifffflffffi

211 2513 264 2574 ria,
279 2512 322 2561 sed
335 2514 496 2560 communitas
506 2515 690 2579 potestatisest.
785 2531 857 2566 tamen
870 2541 882 2567 a
895 2541 997 2578 corporea
1009 2530 1165 2580 comparatione
1176 2530 1199 2566 in
1209 2527 1293 2577 Spiritu

424 2595 516 2617 ·--
786 2583 940 2621 admittendam
948 2595 987 2623 esse
996 2585 1168 2622 inferioritatem.

383 2654 512 2719 CAPUT
523 2657 568 2707 11.
793 2663 831 2710 ll.
843 2665 917 2710 Unus
927 2664 1002 2711 etiam
1013 2665 1038 2712 et
1048 2664 1139 2725 digitus
1149 2662 1195 2710 Dei
1205 2661 1292 2723 appel-

211 2758 292 2799 Filium
306 2752 394 2806 perinde
406 2757 546 2805 suspiritum
557 2759 614 2805 duri:
624 2761 682 2799 unde
694 2771 736 2798 non
762 2732 825 2811 ,ΨΒ
837 2735 874 2780 θεῖ
888 2733 1007 2812 spiritus,
1019 2747 1051 2780 ⁰⁰
1064 2734 1131 2813 quoq
1140 2733 1172 2813 §it
1186 2733 1253 2812 Patfi
1264 2731 1291 2780 ‘¹‘

232 2813 344 2861 sunjeino,
352 2811 388 2849 aa
397 2821 442 2849 una
454 2812 552 2852 diuinitas
562 2816 684 2862 opertione
697 2816 737 2855 uu·
762 2802 823 2849 Filio
832 2803 857 2849 et
867 2802 969 2862 Spiritui
980 2805 1063 2850 saneto
1074 2803 1214 2861 individua,
1224 2813 1289 2848 inse·

191 2909 194 2914 .
232 2867 372 2904 monstratur.
761 2870 925 2930 parabilisque
943 2870 1291 2919 communimNamsicutFi·

238 2937 263 2986 9.
271 2939 322 2987 Nnc
330 2937 409 2993 solum
419 2936 488 2984 misit
497 2936 568 2985 Pater
577 2938 681 2999 Filium,
693 2940 736 2988 sed
761 2938 820 2984 lium
833 2939 879 2986 Dei
889 2938 1015 2998 Scriptura
1023 2939 1150 2986 dexteram
1158 2939 1204 2986 Dei
1216 2939 1291 2998 dixit,

209 3006 283 3055 etism
294 3006 377 3063 dedit,
387 3005 451 3054 sicut
465 3005 518 3065 ipse
534 3019 560 3054 so
571 3008 647 3056 Filius
657 3009 734 3057 dedit.
760 3006 924 3054 sieutieetum
934 3006 971 3055 est
983 3020 990 3052 τ
1001 3009 1107 3055 Dextera
1115 3010 1170 3065 tua,
1178 3010 1289 3068 mnino,

209 3075 312 3122 Lectimr
322 3076 360 3121 est
369 3074 437 3120 enim
450 3075 538 3121 uobis:
553 3076 639 3123 Gratia
647 3078 710 3125 uobis
720 3092 736 3125 a
760 3075 888 3133 oloriticula
905 3079 938 3124 est
947 3077 973 3123 in
987 3078 1084 3135 virtute,
1096 3077 1194 3125 deutera
1204 3091 1290 3124 manus

144 3178 147 3184 ,
208 3143 734 3203 DeoPatrenostro,etDorninoteeuGiiristo,
761 3143 818 3199 lua,
839 3146 953 3202 Domine,
971 3145 1086 3205 consreoit
1107 3147 1227 3204 inimicos;
1254 3145 1289 3193 ita

209 3212 250 3270 qui
259 3223 282 3258 se
296 3210 356 3256 dedit
369 3222 412 3269 pro
426 3211 525 3268 peccatis
536 3213 630 3259 nostrie.
641 3211 666 3257 Si
678 3214 735 3260 snlu
760 3209 865 3267 Spiritus
880 3213 978 3261 sauctus
995 3212 1132 3272 appellatus
1144 3212 1181 3260 est
1198 3211 1289 3272 digitus

205 3278 300 3337 jectum
311 3277 338 3324 in
346 3289 375 3323 eo
385 3275 472 3336 putant
481 3275 571 3334 luisse,
581 3279 638 3337 quia
648 3281 735 3329 missus
760 3278 818 3338 Dei,
829 3279 894 3328 sieut
903 3281 956 3341 ipse
973 3282 1092 3329 Dominus
1103 3280 1181 3328 dicit:
1194 3283 1291 3342 Quodsi

208 3346 258 3402 est3
277 3345 360 3404 gratia
377 3356 430 3392 esse
447 3356 537 3404 negare
555 3357 605 3392 non
619 3351 734 3410 possunt,
759 3348 784 3392 iu
798 3349 868 3408 dipito
882 3350 929 3397 Dei
941 3364 982 3410 eoo
998 3351 1064 3408 elicio
1079 3351 1204 3397 damonia.
1216 3349 1289 3398 Hune

207 3412 733 3477 quiadatusest.llatusestautemalmiro,
760 3416 826 3464 enim
844 3417 949 3477 digitum
966 3418 993 3466 in
1012 3419 1061 3466 alia
1079 3418 1143 3465 libro
1161 3419 1289 3478 Evangelii

207 3481 236 3527 ut
245 3481 326 3527 Esaias
336 3480 402 3528 dixit
416 3491 424 3524 t
440 3483 504 3528 Puer
519 3484 589 3530 notua
604 3487 637 3531 eat
654 3486 733 3544 nobis,
760 3485 846 3533 eodem
865 3488 918 3535 loeo
936 3489 982 3534 Dei
1001 3487 1118 3547 Spiritum
1136 3486 1289 3548 nominavit,

208 3550 281 3598 Filius
291 3551 401 3597 deluscat
414 3549 493 3610 notia·
504 3550 575 3598 datus
591 3553 733 3615 astantem,
759 3554 822 3603 siout
837 3555 913 3604 hahes
925 3569 931 3601 :
943 3558 1009 3618 Quod
1023 3558 1044 3604 ei
1053 3558 1078 3604 in
1088 3557 1177 3616 Spiritu
1188 3558 1234 3604 Dei
1247 3557 1288 3617 epo

207 3619 285 3667 audeo
294 3620 389 3678 dicere,
401 3622 426 3669 et
436 3622 466 3668 ab
477 3621 582 3681 spiritu,
593 3623 636 3683 qui
647 3625 734 3673 missus
758 3623 822 3682 ejicio
840 3627 965 3673 domitia.

208 3687 238 3734 ab
249 3687 342 3746 Spiritu
352 3688 397 3741 est.
409 3691 469 3737 dum
477 3690 543 3737 enim
551 3704 599 3738 non
610 3692 734 3741 definierit
768 3744 769 3747 Ἴ
789 3692 827 3738 tt.
838 3692 902 3750 Quid
913 3694 989 3753 igitur
1000 3692 1141 3753 expressius
1151 3694 1288 3760 adsignifi-

781 2152 865 2189 umdem
884 2162 971 2200 quoque
986 2153 1092 2192 unitatem
1112 2152 1163 2191 inde
1182 2152 1295 2199 cognosci,

112 3766 114 3769 ·
206 3756 327 3816 propheta
335 3768 401 3815 aquo
408 3757 477 3806 datus
485 3760 642 3818 sit‚ostendit
650 3762 733 3809 datum
759 3760 859 3806 caudam
871 3761 1010 3809 divinitatis
1020 3764 1062 3810 vel
1077 3763 1226 3822 operationis
1237 3762 1285 3810 dici

206 3824 284 3881 gratia
299 3825 423 3872 'trinitatis
440 3839 447 3872 ι
465 3828 618 3875 comantem
636 3829 689 3889 ipse
707 3844 733 3878 se
758 3829 1188 3890 potuitunitatem,quaesecuudum
1196 3831 1287 3879 divini·

205 3893 283 3941 Filius
298 3893 409 3954 dederit,
421 3894 506 3955 utique
524 3909 573 3943 uon
590 3898 670 3956 potuit
681 3900 733 3958 ipse
760 3897 832 3955 tatem
844 3898 881 3945 est
890 3899 980 3959 Patris,
993 3902 1032 3948 vel
1048 3901 1119 3960 Filii,
1130 3902 1171 3947 nel
1182 3901 1288 3959 Spiritus

206 3959 254 4005 sibi
265 3960 398 4007 secuudum
409 3960 563 4009 divinitatem
575 3975 627 4010 csse
638 3965 734 4022 subjee-
758 3966 932 4026 saucti,quam
941 3969 968 4015 ut
976 3969 1142 4028 intelligamus
1150 3970 1228 4015 multo
1237 3981 1289 4015 mn·

117 4054 124 4062 -
207 4027 255 4072 tus.
267 4028 328 4087 Ergo
335 4019 567 4088 'nonpotuitdivmae
575 4032 733 4090 subiectionis
758 4033 794 4093 gis
804 4047 880 4092 quam
896 4048 984 4096 corpus
999 4038 1045 4084 hoc
1061 4038 1172 4084 nostrum
1187 4037 1287 4086 aeterum

207 4095 335 4154 essequod
347 4095 417 4144 datus
428 4098 472 4145 est.
685 4148 686 4151 ,
758 4101 936 4161 plenitudinem
953 4104 1090 4153 divinitatis
1101 4105 1180 4153 scindi
1192 4105 1288 4159 videri,
