2760 4800
197 352 253 404 tto
598 357 717 401 sanari
735 356 896 401 nuauosrr

205 437 360 499 principibus
382 435 522 486 christianis
542 435 654 499 plerique
677 435 734 484 sunt
758 436 871 497 oppleret
880 433 1004 485 anhelitus
1015 435 1041 484 et
1050 448 1093 485 ora
1103 435 1216 488 tidellum
1227 437 1291 488 cinis

205 506 276 567 lapsi.
759 518 791 551 ex
802 516 858 564 ara,
875 505 958 553 favilla
969 505 1000 552 de
1010 506 1247 567 sacrilegio,iumus
1256 521 1291 557 ex

236 576 260 622 s.
272 575 319 622 Sed
329 575 383 622 baec
394 574 414 621 si
422 573 473 631 iam
483 573 578 622 sublata
586 585 636 621 non
644 573 734 632 essent,
760 572 831 620 busto
842 585 850 619 z
863 573 888 619 et
899 572 926 619 in
937 585 968 620 ea
977 573 1047 621 curia
1057 575 1207 622 seutentiam
1222 576 1291 624 dice-

207 643 341 690 auiereuda
357 643 399 689 tuo
417 643 520 702 imperio
532 643 733 701 comprobarem:
760 643 813 700 ret,
831 642 875 688 ubi
892 642 968 700 jurati
986 643 1017 690 ad
1033 656 1101 690 mam
1118 645 1246 693 simulacri
1264 646 1292 693 iu

206 712 232 758 at
243 725 298 758 curn
306 724 353 771 per
360 711 439 757 totum
446 710 498 758 tere
508 711 592 757 orbem
601 723 614 756 a
623 710 735 769 pluribus
760 710 907 756 sententiam
913 712 1058 769 cogerentur
1067 710 1075 772 (
1084 713 1216 772 propterea
1223 714 1291 760 euim

206 779 272 826 retro
279 777 432 837 princrprbus
439 776 545 824 unbrbrta
555 778 734 837 interdictaque
761 780 953 838 interpretantur
971 793 1038 827 aram
1055 781 1177 847 locatam,
1191 783 1225 830 ut
1234 783 1293 841 ejus

206 847 272 905 sint,
283 849 367 894 Romae
384 848 491 893 autema
513 846 587 893 tratre
598 847 735 892 clemenitae
760 848 919 908 sacramento,
930 836 1116 908 utipsiputant‚
1121 850 1291 910 unusquisque

206 916 256 964 tuae
274 919 382 973 augustae
402 915 526 962 memoriae
544 915 660 961 Gratiano
678 915 734 960 tidei
761 916 896 962 conventus
907 918 1063 964 consuleret
1058 931 1084 964 ιιι
1096 918 1224 977 medium
1235 931 1291 965 eum

206 996 276 1033 veras
283 985 376 1032 ratione
389 985 483 1031 sublata
494 984 556 1042 sint,
568 986 593 1031 et
601 984 663 1030 datis
672 985 736 1030 anti·
761 984 852 1040 maiore
859 983 1180 1040 Jamcuriacbristianorum
1189 999 1293 1034 numero

206 1055 281 1113 quate
293 1054 430 1112 rescriptis3
443 1065 488 1112 ne,
497 1065 592 1112 quaeso,
604 1054 645 1100 vel
657 1053 736 1099 tideli-
761 1052 792 1097 sit
802 1049 913 1113 referta)
927 1054 1124 1117 persecutionem
1140 1067 1195 1113 esse
1207 1055 1292 1102 erede·

207 1124 245 1170 ter
255 1123 345 1170 statuta
356 1123 494 1181 convellas,
505 1122 545 1168 vel
556 1121 662 1168 fraterna
674 1133 736 1179 prae·
760 1118 798 1164 ret
809 1119 970 1177 christianus,
984 1121 1028 1180 qui
1044 1123 1173 1180 cogeretur
1190 1122 1235 1170 tali
1250 1135 1292 1183 op-

207 1194 279 1251 cepta
290 1192 423 1240 rescindas.
442 1193 476 1238 bc
488 1192 593 1249 negotiis
605 1190 735 1246 civilibus,
761 1187 827 1233 tione
839 1188 870 1234 ad
882 1190 993 1235 senatum
1004 1189 1089 1236 venire
1100 1203 1106 1234 ι
1116 1191 1181 1249 quod
1195 1191 1223 1238 ot
1238 1192 1292 1251 ple-

179 1296 182 1319 ,
207 1261 229 1308 si
239 1261 298 1321 quid
312 1260 495 1317 statuit,nemo
506 1261 575 1318 putat
592 1271 644 1305 esse
655 1261 737 1305 teme·
761 1267 945 1314 rumque3nam
957 1256 982 1302 et
993 1257 1091 1314 injuriis
1105 1259 1241 1306 convenire
1252 1271 1291 1306 eo·
1326 1285 1329 1289 ·

178 1338 180 1345 ⁴
207 1331 328 1391 randumq
348 1330 374 1377 et
394 1329 544 1388 preceptum
565 1327 596 1375 de
615 1326 735 1385 religione
762 1327 859 1379 guntur.
871 1324 905 1371 Te
921 1325 1292 1384 erqotmperatore,cbristiani

208 1400 324 1446 calcatur.
762 1391 788 1437 in
799 1403 865 1437 aram
874 1392 958 1451 Jurare
970 1393 1103 1453 cogentur?
1117 1394 1183 1452 Quid
1200 1397 1238 1442 est
1251 1396 1292 1454 ju·

240 1466 262 1513 6.
274 1467 359 1512 Nullus
369 1465 471 1524 obrepat
480 1464 572 1521 iuniori
587 1461 652 1510 aetati
663 1463 713 1509 tuae
728 1475 735 1507 z
762 1472 830 1519 rare,
842 1461 889 1507 nisi
901 1461 953 1521 ejus
968 1476 1041 1522 quem
1057 1465 1154 1511 testaris
1172 1464 1231 1511 fidei
1244 1466 1293 1513 tues

210 1535 263 1583 aive
273 1535 316 1579 ille
326 1533 425 1592 gentitis
436 1536 487 1592 est,
498 1533 541 1591 qui
555 1533 601 1578 ista
614 1531 736 1590 deposcit,
763 1529 900 1586 praesulem,
909 1528 1017 1577 divinam
1024 1532 1159 1591 potentiam
1166 1531 1292 1580 confitens

179 1614 185 1619 ·
209 1615 259 1651 non
270 1602 344 1648 debet
358 1602 466 1647 mentem
481 1603 549 1648 tuam
566 1599 673 1645 vinculis
688 1611 737 1644 sua
761 1597 795 1643 Te
807 1597 970 1657 imperatore,
981 1600 1026 1646 boc
1039 1601 1132 1660 petitur
1148 1602 1174 1648 et
1185 1603 1293 1660 postula·

209 1670 389 1730 superstitionis
407 1669 533 1715 innectere
550 1680 556 1712 :
574 1667 617 1713 sed
638 1667 737 1726 proprio
763 1664 817 1724 tur3
833 1665 1043 1725 utaramjubeas
1059 1669 1293 1730 eucratadarum

209 1738 292 1786 studio
311 1738 397 1783 docere
415 1738 441 1782 et
459 1735 589 1782 admonere
606 1735 631 1781 te
648 1734 737 1790 debet,
762 1735 886 1782 sacrificiis
902 1736 1010 1795 profanis
1026 1738 1094 1785 dari?

210 1806 414 1868 quemadmodum
430 1818 494 1851 verae
509 1803 568 1850 tidei
584 1803 682 1850 studere
694 1803 737 1849 de·
793 1804 831 1851 l0.
841 1803 890 1851 Sed
900 1806 946 1853 boe
955 1807 1154 1867 nonpotestsine
1163 1806 1293 1868 sacrilegio

210 1875 283 1933 beas3
294 1874 390 1934 quando
401 1875 444 1920 ille
456 1874 522 1919 tanto
532 1873 600 1918 motu
611 1871 665 1918 veri
674 1883 738 1918 rana
763 1872 877 1932 decerni;
889 1875 954 1922 unde
965 1888 1022 1935 rogo
1038 1876 1063 1924 te
1078 1879 1109 1924 ne
1120 1878 1146 1924 id
1157 1877 1292 1937 decernas,

211 1943 331 1991 defendit.
342 1942 505 1991 Delerendum
514 1941 610 1987 meritis
619 1940 738 1986 clarorum
763 1944 867 2002 statuas,
883 1946 924 1991 vel
940 1944 965 1990 in
985 1945 1104 2003 ejusmodi
1121 1945 1222 1993 decreta
1238 1944 1292 1993 sub·

211 2014 320 2062 virorum
331 2014 357 2060 et
368 2025 412 2072 ego
423 2011 513 2059 suadeo
525 2025 531 2057 :
543 2011 587 2058 sed
598 2012 677 2057 Deum
686 2022 738 2057 cer·
763 2014 863 2063 scribas.
881 2014 1005 2063 convenio
1024 2014 1097 2062 tidem
1116 2015 1184 2062 tuam
1203 2011 1291 2062 christi

211 2081 634 2141 tumestomnibuspraelerendum·
763 2084 874 2131 sacerdos
897 2098 904 2130 ι
928 2097 1013 2130 omnes
1033 2082 1222 2131 conveniremus
1241 2083 1293 2142 epi·

243 2154 266 2200 7.
277 2154 301 2200 si
313 2153 343 2200 de
354 2165 380 2199 re
390 2151 492 2199 militari
504 2150 540 2198 est
551 2149 737 2206 consulendum,
764 2152 844 2211 scopi,
858 2151 906 2199 uisi
918 2151 1065 2200 incredibile
1080 2152 1127 2198 hoe
1141 2153 1167 2200 et
1179 2152 1290 2211 repenti·
1362 2171 1366 2179 ·

212 2219 287 2268 debet
298 2219 425 2268 exercitati
437 2219 462 2265 in
473 2219 566 2278 praeliis
576 2217 625 2264 viri
636 2230 739 2275 exspee·
764 2232 823 2266 ιιιιιιι
840 2221 872 2267 ad
887 2232 959 2267 aures
979 2220 1132 2279 pervenisset
1149 2220 1291 2279 bominum,

211 2287 404 2346 tortesmanse,
420 2287 548 2334 consitium
568 2285 737 2344 comprobari:
764 2289 829 2346 quod
839 2289 888 2335 tale
904 2288 998 2348 aliquid
1014 2289 1078 2336 esset
1087 2290 1128 2336 rel
1140 2288 1167 2335 in
1178 2289 1292 2336 consisto·

212 2356 309 2416 quaudo
317 2356 473 2413 dereliqione
481 2354 597 2401 tractatus
606 2353 652 2409 est,
662 2353 739 2400 Deum
765 2356 1291 2416 riosuggestumtuo,veleseuatupetitum.
1318 2413 1320 2417 Ι

213 2424 301 2482 cogita
320 2424 546 2469 Nunniusrururun
559 2422 610 2480 est,
623 2421 662 2467 cui
675 2423 739 2468 Deus
764 2425 810 2472 Sed
819 2424 917 2472 absitut
926 2426 973 2471 boe
981 2425 1308 2484 senatuspetissedieatur··

213 2489 368 2548 omnipotens
382 2488 524 2536 antefertur.
536 2487 615 2533 tlabet
629 2488 671 2534 ille
683 2500 740 2534 seu·
764 2493 836 2551 pauci
856 2493 962 2552 gentiles
982 2493 1105 2539 communi
1127 2494 1234 2540 utuntur
1252 2506 1293 2540 no·

213 2557 317 2605 tentiam
332 2569 409 2604 suam.
422 2555 529 2602 invitum
540 2568 588 2602 uon
603 2555 688 2613 cogitis
699 2568 740 2602 co·
766 2563 840 2606 mine.
858 2562 918 2607 Nam
937 2558 963 2606 et
981 2562 1038 2607 ante
1054 2560 1185 2607 biennium
1204 2561 1291 2622 terme,

213 2628 279 2684 lere,
288 2625 435 2687 quodnolit3
444 2625 489 2670 boc
498 2624 564 2671 idem
572 2623 739 2681 vobislieeat,
766 2638 821 2673 cum
829 2627 875 2673 boe
886 2626 971 2685 petere
982 2626 1121 2684 tentarent,
1132 2627 1202 2674 misit
1212 2627 1243 2673 ad
1254 2639 1292 2674 me

215 2696 367 2772 imperator,
388 2693 413 2740 et
432 2692 598 2752 uuusquisque
618 2692 741 2751 patienter
766 2695 862 2741 sanctus
876 2694 993 2741 Damasus
1006 2695 1121 2741 Romanae
1131 2695 1246 2742 Ecclesia
1256 2707 1293 2742 sa-

214 2763 290 2822 ierat,
311 2763 331 2808 si
352 2774 400 2809 non
422 2762 567 2820 extorqueat
584 2761 740 2821 imperatori,
762 2761 867 2822 aerdos,
881 2761 974 2819 judicio
991 2762 1037 2808 Dei
1055 2762 1163 2822 electus,
1183 2763 1294 2810 libellum

214 2833 279 2894 quod
296 2832 397 2878 moleste
414 2829 504 2892 terret,
515 2829 536 2876 si
552 2829 576 2875 ei
593 2830 741 2888 extorquere
766 2842 840 2887 quem
851 2830 977 2877 christiani
988 2831 1113 2877 senatores
1124 2831 1259 2890 dederuut,
1270 2831 1295 2878 et

215 2902 317 2960 cuperet
328 2901 467 2960 imperator.
476 2898 538 2958 lpsis
547 2897 681 2956 gentilibus
692 2899 741 2943 dis·
766 2897 866 2955 quidem
878 2898 1016 2954 innumeri,
1031 2898 1183 2955 postulantes
1192 2900 1257 2946 nibil
1269 2909 1294 2945 se

215 2969 307 3030 plieere
325 2968 453 3015 consuevit
470 2967 653 3025 praevaricantis
669 2967 742 3013 alteo-
767 2965 815 3011 tale
823 2967 957 3024 mandasse,
965 2978 1014 3012 non
1024 2978 1157 3025 congruere
1166 2967 1294 3026 gentilium

214 3038 268 3095 tus;
280 3036 358 3084 libere
367 3035 433 3082 enim
443 3034 517 3081 debet
527 3033 659 3080 defendere
668 3046 742 3080 unus-
767 3034 903 3081 istiusmodi
924 3035 1099 3094 petitionibus,
1116 3048 1165 3082 non
1186 3038 1295 3096 praebere

214 3105 318 3165 quisque
334 3105 407 3152 fidele
425 3102 516 3149 mentis
530 3115 580 3150 suae
601 3103 626 3150 et
644 3114 742 3150 servare
767 3114 911 3149 consensum
922 3115 929 3148 ι
942 3103 1021 3162 questi
1039 3104 1113 3149 etiam
1127 3105 1228 3162 publice
1246 3105 1296 3164 pri·

215 3174 376 3232 propositum.
767 3171 1296 3233 vatimquesenouconventurosadcuriam,
1309 3181 1316 3191 ·

245 3242 269 3288 8.
285 3242 354 3298 Quod
370 3241 391 3288 si
407 3241 483 3301 aliqui
498 3238 598 3288 nomine
615 3239 742 3287 christiani
767 3239 787 3286 si
797 3240 844 3286 tale
853 3240 1136 3298 aliquiddecerueretur
1145 3242 1254 3300 Dignum
1262 3242 1297 3288 est

215 3308 265 3355 tale
275 3309 368 3367 aliquid
378 3309 560 3356 decernendum
568 3308 668 3367 putant,
675 3319 743 3354 men·
768 3308 918 3368 temporibus
926 3309 1027 3367 vestris,
1037 3309 1083 3357 bec
1095 3311 1144 3369 est,
1157 3311 1297 3358 christianis

215 3375 266 3422 tem
278 3376 345 3421 tuam
356 3376 473 3423 voeabula
488 3377 553 3422 nuda
566 3388 615 3422 nou
631 3375 742 3435 capiant,
768 3378 934 3437 temporibus,
947 3377 973 3424 ut
987 3377 1091 3443 dignitas
1108 3379 1250 3426 christianis
1260 3390 1297 3425 se-

215 3442 316 3492 nomina
329 3455 396 3491 cassa
405 3456 454 3491 nou
465 3443 559 3490 fallant.
571 3444 686 3522 Quisquis
697 3445 742 3490 boc
767 3445 1038 3504 ιιιιοιίιιιιιιιὶιιοςιιιιις
1047 3447 1297 3506 quogentilibuspro·

215 3510 317 3568 suadet,
332 3511 466 3571 sacrificat,
477 3511 502 3558 et
513 3525 624 3571 quisquis
635 3513 680 3559 hoc
696 3514 744 3560 sta·
768 3512 830 3560 ianae
838 3513 1298 3562 deteraturvoluutatrsetteetuslllunc

215 3578 286 3626 tuit.
303 3589 489 3628 resumamus
505 3590 597 3628 romeu
616 3581 653 3628 est
669 3582 743 3628 unius
768 3582 880 3629 libellum
902 3594 946 3641 ego
965 3582 1033 3627 tratri
1052 3581 1192 3630 clementiae
1209 3585 1297 3631 vestras

215 3645 371 3706 sacrificium,
378 3649 540 3708 quamlapsus
546 3650 744 3698 omnium.Totus
769 3650 862 3709 direxi3
875 3649 940 3696 uude
950 3649 1058 3696 constitit
1068 3662 1117 3696 non
1129 3653 1244 3697 senatum
1255 3652 1298 3697 alt·

216 3714 258 3773 tric
270 3715 456 3764 christianorum
466 3718 622 3776 periclitatur
634 3720 741 3767 senatus.
768 3718 827 3776 quid
846 3717 876 3764 de
895 3717 1076 3777 superstitionis
1093 3717 1214 3778 impensis
1229 3732 1295 3767 mao-

237 3787 272 3834 ’9.
289 3785 313 3831 Si
329 3786 401 3833 bodie
416 3784 516 3845 gentilis
532 3787 620 3846 aliquis
636 3787 744 3845 impera·
769 3787 837 3833 dasse
848 3787 945 3845 legatis.

217 3853 504 3912 tor‚quodabsrt,aram
515 3854 633 3900 statueret
643 3854 744 3901 simula
799 3854 837 3899 ll.
850 3855 897 3900 Sed
907 3854 1008 3903 tortasse
1025 3856 1137 3902 dicatur:
1147 3855 1296 3905 Gurdudnm

216 3921 280 3981 oris,
292 3920 499 3968 eteoconveuire
519 3921 617 3978 cogeret
632 3922 744 3968 christia·
768 3921 985 3972 uonintertueriut
1001 3925 1112 3984 senatui,
1128 3925 1298 3990 cumistape·

216 4001 275 4050 oos3
293 3989 321 4041 ut
335 3987 528 4039 sacrificantibus
543 3988 706 4049 interessent,
717 3991 746 4040 ut
770 3990 895 4039 terantur?
915 3991 977 4043 Satis
991 3993 1192 4056 loquanturquid
1207 3980 1297 4051 uelint,
