2760 4800
441 414 482 463 bn
497 398 600 464 onrrir
615 419 806 467 runoeusu
820 424 953 469 enarro.
1195 426 1240 478 rue

151 495 179 544 et
193 492 344 543 'theodostus
358 506 410 555 prae
428 496 522 544 caeteris
536 498 678 558 principes,
705 499 764 549 licta
774 501 947 562 domo,senex
958 499 1239 563 adperegrtnaconten-

150 575 201 610 uon
218 562 270 624 jam
289 562 364 612 armis
380 563 504 625 militum,
520 564 564 613 sed
584 566 681 614 meritis
705 567 742 615 (lit
753 581 759 614 :
770 570 844 630 atque
852 570 889 630 ibi
897 570 1041 631 defunctus,
1052 572 1084 619 ael
1095 575 1239 633 sepulerum

150 633 201 680 auis
217 632 278 681 teeti
295 647 302 679 a
319 646 368 681 non
385 646 537 694 purpureum
552 635 679 695 habitum,
705 637 813 695 patrium
832 651 878 698 per
894 638 988 699 aliquot
1004 639 1072 699 dies,
1088 640 1138 688 tillo
1153 655 1238 702 prese-

128 688 131 710 '
149 699 320 747 sedamieturn
330 701 410 749 induti
421 703 680 761 gloriae.Quicumhie
704 705 813 766 queuis,
833 706 952 754 deductus
963 707 1009 756 est.
1027 709 1077 756 Nec
1093 708 1237 769 derogatum

148 769 333 817 delectarentur
359 770 511 819 absolutione
530 773 679 833 multorum,
705 772 742 819 est
752 773 847 833 aliquid
864 774 960 823 meritis
972 774 1040 836 ejus,
1052 775 1097 825 sed·
1106 778 1184 837 magis
1198 791 1239 826 ae·

148 835 242 894 quanto
252 835 330 894 magis
340 834 394 883 illie
409 837 550 896 pepercisse
561 849 588 885 se
601 838 680 897 pluri·
705 838 777 886 cessit
787 840 818 887 ad
830 840 940 902 laudem,
952 843 1017 902 quod
1034 855 1080 904 pro
1091 843 1141 893 suis
1152 857 1238 894 carens

149 903 196 950 bus
205 905 371 964 recensendo,
386 905 486 964 pletatis
497 918 547 954 suae
566 907 680 954 recorda·
704 908 793 956 debitae
805 909 890 957 domus
908 911 989 969 sorte,
1006 912 1113 972 quodam
1128 914 1237 974 supremi

148 969 219 1019 tione
230 970 384 1020 mulcentur?
395 973 442 1030 Qui
452 985 517 1021 nunc
528 974 584 1022 luce
594 974 680 1021 trunn-
704 975 798 1022 tuneris
808 977 1011 1037 peregrinabatur
1020 981 1116 1028 exsilio.

148 1042 190 1087 tur
198 1041 317 1099 eandida,
328 1041 400 1101 longe
410 1042 513 1089 meliora
525 1043 593 1102 ittle,
604 1056 678 1103 qnam
734 1044 774 1090 ab.
786 1044 840 1091 Fies
860 1045 947 1105 etiam,
966 1047 1101 1106 imperator
1119 1051 1236 1112 auguste,

147 1109 190 1156 bic
198 1110 366 1170 possidebant,
374 1111 514 1158 habitacula
522 1113 675 1172 consequuti,
703 1111 769 1170 quod
786 1123 835 1158 non
852 1124 931 1172 usque
946 1114 1179 1174 Gomtcnunopolim
1195 1130 1237 1166 re-

148 1177 489 1239 dicentesrolerccl,quom
498 1182 680 1241 moquoeatdo·
704 1178 823 1226 verendas
848 1177 968 1239 reliquias
991 1180 1044 1239 ipse
1070 1183 1234 1242 prosequeris.

147 1256 202 1291 mus
211 1246 320 1302 Domini,
338 1246 442 1312 olquam
458 1247 539 1309 tepens
554 1245 616 1294 loom
623 1259 678 1306 pos·
703 1245 792 1293 Eadem
803 1245 850 1293 tibi
860 1257 934 1293 cansa
944 1246 1075 1295 nobiseum
1089 1249 1139 1307 est,
1151 1259 1235 1297 omnes

107 1360 110 1366 ,
147 1313 255 1361 susionis
272 1311 321 1372 ejus
332 1327 340 1359 .·
351 1325 478 1370 uuquam,
496 1315 519 1361 ct
532 1326 580 1360 oron
591 1313 678 1361 trabem
701 1311 766 1370 justo
784 1313 867 1361 dolore
889 1313 1076 1377 prosequimur,
1096 1327 1195 1374 omnes,
1212 1318 1235 1365 si

145 1379 234 1437 menri
249 1380 279 1427 at
287 1377 412 1440 perfuncti
423 1377 536 1432 maximis
551 1379 678 1428 laboribus
702 1382 756 1428 tieri
766 1381 865 1441 posset,
877 1381 1024 1433 deductores
1031 1383 1115 1433 tecum
1125 1397 1179 1433 esse
1190 1398 1234 1432 cu·
1316 1423 1319 1426 .

147 1446 215 1495 iuter
224 1461 251 1495 se
263 1446 391 1497 conferunt
402 1449 512 1501 alionum
522 1449 555 1504 cat
565 1448 677 1495 uirorum
702 1461 825 1509 peremus.
837 1449 885 1496 Sed
896 1450 987 1510 Josepb
1006 1451 1037 1498 ad
1050 1450 1183 1500 finitimam
1193 1464 1233 1500 ae·

146 1517 274 1576 portarent
286 1515 369 1576 lupum
380 1529 448 1576 provo
466 1530 482 1562 a
495 1515 611 1575 promtus
618 1546 628 1572 ,
641 1529 678 1562 se·
702 1517 775 1577 cessit
785 1517 955 1579 provinciama
971 1517 1017 1567 bic
1030 1519 1107 1566 nnita
1128 1517 1233 1578 interja-

146 1584 209 1630 deba‘t
224 1584 384 1644 stupratoriter,
394 1586 417 1631 et
426 1582 517 1642 silebit,
528 1584 585 1642 quio
593 1585 678 1643 porto·
702 1585 891 1645 centregionum
899 1585 1013 1646 divortia,
1021 1586 1062 1641 hie
1070 1585 1147 1633 marta
1155 1587 1234 1635 trans-

146 1653 179 1702 slt
190 1652 274 1712 jupam
285 1666 362 1712 poce.
370 1650 418 1710 Qui
429 1650 497 1698 enim
505 1649 592 1709 jugum
602 1662 676 1710 grave
701 1653 811 1702 tretanda
822 1656 888 1703 sunt·
899 1655 948 1703 Nee
957 1654 1004 1716 boe
1023 1653 1124 1715 quidem
1135 1652 1182 1701 tibi
1195 1655 1234 1702 la-

147 1719 283 1781 portaverit
292 1732 306 1767 a
314 1719 459 1783 iuventute,
470 1718 606 1779 requiescit
619 1730 677 1780 pos-
701 1723 838 1783 boriosum,
848 1721 941 1772 uisite
956 1724 1054 1773 teneret
1067 1721 1231 1784 Respublica,

145 1789 207 1837 tea:
221 1790 331 1837 remotus
342 1801 357 1836 a
368 1788 454 1847 turba,
472 1788 626 1853 praecipuum
640 1788 678 1834 lo-
701 1803 773 1851 quum
788 1791 847 1839 boni
865 1791 1028 1850 imperatores
1044 1791 1071 1839 et
1088 1789 1233 1851 parentibus

147 1871 205 1908 cum
215 1852 600 1920 quletissuaepotstdet,dlcensa
614 1858 677 1919 Quo·
701 1858 727 1906 et
743 1858 803 1906 tiliis
819 1860 989 1919 praetulerunt.
1006 1858 1118 1918 Denique
1137 1857 1194 1904 ideo
1206 1859 1233 1907 te
1335 1913 1337 1919 ,

145 1930 213 1976 aiom
223 1930 259 1986 to,
266 1927 375 1986 Domino,
383 1925 563 1986 &numanitatis
573 1937 613 1985 spe
620 1937 676 1972 oon·
701 1927 879 1986 imperatorem
887 1927 959 1988 pater
966 1925 1039 1984 feeit,
1047 1924 1165 1972 bomiuus
1176 1936 1233 1972 con·

146 2000 297 2048 siitulstimc.
342 2019 344 2022 ·
541 1991 543 1994 ⁴
700 1994 825 2055 tirmavit3
843 1995 872 2043 ut
889 2007 940 2043 non
954 1993 1000 2043 soli
1016 1992 1138 2055 militares
1150 1993 1232 2054 patri,

177 2065 430 2126 transmaritimum
439 2077 512 2126 prave
523 2076 536 2110 a
544 2062 676 2122 iuventute
700 2064 743 2112 sed
754 2063 869 2112 omnibus
888 2065 1032 2124 imperares.

146 2136 300 2184 suaLazams
307 2126 412 2195 pauper,
420 2133 477 2182 ideo
484 2131 642 2191 singulariter
650 2131 675 2177 in
730 2132 769 2180 56.
780 2133 830 2180 Nec
838 2145 943 2194 vereare
951 2144 984 2189 ne
996 2128 1232 2181 inhonoraridean-

146 2204 204 2252 sinu
215 2203 316 2250 Abrabae
334 2201 483 2265 requiescit,
502 2200 595 2249 dirinae
605 2199 676 2247 testi·
700 2201 755 2262 tur,
765 2212 918 2261 quecumque
934 2198 1100 2258 accesserint,
1115 2197 1230 2259 reliquiae

146 2271 229 2320 monio
247 2269 369 2321 iuuenis.
388 2267 589 2328 Permultiugum
601 2279 674 2328 grave
699 2270 870 2328 triumphales.
878 2270 930 2316 Non
941 2268 989 2315 boc
996 2267 1073 2315 sentit
1083 2266 1232 2327 ltalia,quae

145 2338 297 2387 Theodosius
314 2339 489 2398 uincentum,
502 2338 599 2399 quaudo
613 2336 675 2384 insi·
699 2338 775 2385 claros
793 2336 915 2398 spectarit
932 2335 1085 2403 triumphos,
1100 2346 1155 2394 quae
1166 2346 1180 2380 a
1190 2333 1231 2394 ty·

146 2408 278 2456 illabantur
288 2407 343 2466 ejus
357 2408 444 2466 satuti,
454 2405 497 2468 qul
509 2407 606 2467 patrem
620 2406 675 2463 ejus
699 2406 878 2454 rannislterum
885 2400 1168 2465 liberata,eoncelebrat
1178 2413 1231 2450 suae

146 2476 350 2536 triumphatorem
359 2475 507 2524 oeciderunt.
518 2473 626 2522 Portavit
635 2473 674 2531 ju·
699 2476 820 2530 libertatis
838 2476 980 2536 auctorem:
990 2485 1041 2522 nou
1055 2472 1103 2521 boc
1113 2471 1232 2520 Constan-

145 2556 205 2605 gum
215 2543 593 2605 gravequandosubiitpietatis
608 2543 674 2590 etrsi-
698 2543 827 2605 tinopoils,
849 2556 904 2604 quae
924 2541 1036 2592 manullo
1050 2538 1084 2588 ad
1097 2539 1230 2589 victoriam
1325 2534 1330 2550 ‘

145 2615 221 2673 ilum,
232 2613 330 2672 quando
343 2611 432 2662 infusis
444 2613 554 2673 Romanu
569 2610 674 2669 imperio
698 2611 836 2672 principem
846 2611 934 2660 misit:
945 2623 1023 2670 quem
1031 2608 1173 2656 oumvsllet
1190 2607 1230 2656 te·

145 2681 270 2739 barbaris,
286 2680 394 2739 suscepit
408 2679 550 2738 imperium.
566 2677 675 2740 Portavlt
699 2692 772 2737 nere,
782 2678 930 2739 nonpotult.
948 2675 1113 2738 Exspectabat
1126 2674 1229 2736 quidem
1260 2728 1262 2739 ,

143 2751 231 2812 iugum
241 2761 330 2808 grave,
342 2750 371 2796 ut
382 2748 498 2807 brennus
512 2747 623 2792 nomm
637 2744 674 2791 di·
699 2749 725 2795 in
732 2747 814 2794 reditu
822 2745 1044 2807 eiustriumphales
1051 2743 1230 2801 solemnitates,

143 2819 258 2867 moveret
268 2816 373 2877 irnperio
384 2829 392 2861 r
405 2814 449 2862 sed
464 2813 522 2877 qula
537 2810 580 2860 bic
594 2812 622 2860 in
637 2813 675 2860 la·
698 2817 726 2862 ut
753 2815 840 2863 titulos
859 2813 1019 2870 victoriarum
1038 2824 1047 2857 a
1067 2809 1246 2870 exspectabat¹

143 2883 268 2944 bore,lbi
277 2882 305 2930 in
315 2882 410 2946 requie.
699 2883 774 2930 totius
798 2879 864 2928 orbis
889 2878 1082 2940 imperatorem,
1109 2875 1230 2935 stipatum

175 2947 676 3011 btsredjamreniamusadaugustieor·
700 2948 813 2998 exercitu
823 2946 996 3006 Gallicano,et
1004 2944 1084 2997 totins
1093 2941 1230 2990 orbtssub·
1322 2970 1325 2978 ·

144 3020 504 3087 peristransmisslonemAEles,
511 3017 612 3077 Honori,
618 3030 676 3077 per·
699 3020 787 3065 nixum
796 3011 1035 3063 viribus.Sednunc
1053 3009 1105 3058 illic
1115 3008 1229 3088 ‘i'beoslo-

144 3086 583 3151 menaugustum,etlacrymispinm
589 3085 676 3134 teatifi·
700 3088 750 3134 slus
760 3083 900 3147 potentior,
912 3093 980 3137 nuno
997 3078 1124 3156 gloriosior
1142 3075 1227 3134 redita

145 3155 209 3211 caris
223 3158 349 3219 affectumr
360 3159 425 3219 quod
435 3158 583 3206 inhonorum
594 3155 675 3204 adbuc
699 3167 772 3215 quem
777 3151 923 3212 Angelorum
931 3149 1028 3198 caterva
1034 3144 1144 3205 deducit,
1152 3155 1228 3205 quem

146 3230 238 3279 honore
250 3227 338 3276 tumuli
349 3226 426 3288 patris
437 3238 525 3287 eorpus
539 3237 586 3287 per
594 3224 675 3284 spatia
699 3220 837 3268 sanctorum
860 3217 933 3295 turba
960 3213 1125 3276 prosequitur,
1136 3211 1228 3292 ‘Beata

145 3298 223 3344 multa
233 3294 387 3351 transmittis.
397 3295 446 3343 Sed
453 3295 479 3345 et
487 3291 627 3355 patriarcha
634 3292 675 3339 ia·
698 3290 771 3350 plane
782 3299 837 3348 quae
847 3283 954 3351 paratust
964 3283 1069 3363 incolam
1080 3280 1191 3362 suserpts,
1201 3279 1228 3329 et

146 3361 673 3424 cobpropterpopulumliberaudum,wem
698 3356 861 3405 habitatorem
871 3351 1059 3414 supernaturale
1067 3347 1227 3431 murmuran-

145 3431 210 3483 tetra
219 3430 296 3480 tames
306 3430 375 3493 gravi
385 3429 487 3494 urebas
497 3428 607 3492 periculo
613 3459 622 3488 ,
633 3438 672 3477 re·
697 3427 766 3486 gusto
777 3422 867 3486 sepulti
883 3416 1225 3483 eorpomsteuebrsbespltro.

1165 3628 1177 3676 t
