2760 4800
462 352 705 403 nrlsuobbtlllll
719 355 859 403 cnissis
873 356 907 403 ll.
1177 354 1227 405 tit

142 428 195 492 tur,
207 445 344 496 sermones,
353 434 479 486 invenitor
494 439 572 499 magis
589 439 668 487 Aaron
694 441 791 499 culpam
804 440 890 500 interl,
905 438 964 488 dum
983 435 1113 501 prasentia
1130 437 1240 502 magis?

144 499 226 550 fratris
241 505 372 554 consilium
382 519 454 567 quam
465 520 535 555 snum
546 508 670 568 probasse.
694 519 767 567 quam
777 506 861 554 lutura
875 507 975 569 cogitat.
1063 508 1072 528 ⁸

143 569 200 619 l'uit
218 584 275 633 ergo
297 574 425 635 quisquam
443 574 571 623 bominum
589 576 670 635 Moyse
725 575 749 622 s.
769 574 888 623 studebat
911 575 994 623 autera
1013 575 1106 635 Moyses
1125 570 1222 634 peccati

142 638 287 698 prudentior
297 641 323 690 et
335 642 493 692 instructior?
503 644 577 703 Atqui
590 645 671 704 ipsum
694 654 798 690 vacuam
815 644 926 703 reperire
943 643 1063 702 animam,
1077 643 1107 691 ut
1120 640 1224 690 exuvias

143 707 221 785 Aaron
239 709 325 769 postea
340 723 396 759 cum
411 712 487 758 Maria
498 712 563 759 cirea
579 711 672 760 AEtbio-
695 711 784 758 erroris
798 710 947 771 deponeret,
962 715 989 760 et
998 711 1065 760 unda
1074 712 1153 769 eulpa
1167 709 1222 757 sine

142 786 214 834 pessa
223 789 352 837 personam
361 779 466 838 leginms
477 791 579 829 errasse.
695 779 746 825 ullo
755 779 792 826 sui
800 780 893 838 pudore
904 779 1044 828 discederet
1054 792 1061 826 r
1073 779 1172 827 sednon
1184 777 1223 824 in·

172 843 196 894 2.
207 845 254 894 Sed
264 847 311 895 boe
321 846 404 908 ipsum
414 848 547 909 diligenter
561 847 670 909 discute,
695 846 779 906 venit,
790 845 849 907 quia
858 848 909 895 cito
925 848 1034 907 impetus
1047 844 1224 895 irrationabilis

143 911 186 959 ubi
201 914 295 974 lloyses
309 916 412 964 seientia
429 916 612 977 praeponderet,
627 916 671 964 ubi
695 916 830 975 prevenit,
841 915 868 963 et
877 915 975 962 damma
981 914 1092 976 quaedam
1100 912 1223 963 celerrimi

143 981 671 1045 Aaronconsilio.llosesmagnuspropheta,
695 986 775 1032 motus
783 985 889 1032 animam
897 984 1132 1045 depascitur,ati1ue
1141 981 1224 1031 exurit

142 1049 186 1109 qui
201 1052 231 1098 de
242 1051 340 1100 Christo
355 1051 420 1099 dixit
431 1064 438 1098 ε
450 1054 516 1101 Sicut
532 1067 582 1110 me,
596 1057 670 1113 ipsum
696 1052 748 1109 ejus
761 1052 942 1112 innocentiam
959 1051 1147 1113 praeponderant
1156 1050 1224 1098 enirn

142 1120 249 1168 audietis.
268 1121 297 1168 Et
311 1120 342 1168 de
357 1132 406 1180 qno
420 1120 474 1182 ipse
489 1121 608 1168 Dominus
618 1120 670 1168 aits
695 1119 959 1181 tuturispraesentia,et
966 1120 1075 1167 violenta
1082 1117 1224 1176 moderatis,

142 1188 170 1235 st
179 1189 273 1247 Moyseo
282 1192 304 1236 et
312 1188 435 1249 propinetur
446 1201 496 1236 noo
505 1191 604 1236 audiunt
609 1221 619 1246 ,
629 1201 671 1235 nec
695 1188 721 1235 et
731 1190 802 1248 plura
817 1189 965 1249 potioribus,
975 1189 1001 1236 et
1013 1187 1123 1246 jucunda
1138 1185 1223 1243 seriis,

141 1256 165 1303 si
172 1260 224 1317 guib
238 1272 268 1305 eu
284 1259 383 1306 morbis
397 1260 428 1306 od
445 1259 497 1306 illos
511 1259 609 1315 obierit,
620 1271 672 1304 cre·
695 1257 722 1304 et
732 1257 824 1316 asperis
839 1258 936 1317 mollia,
947 1257 974 1305 et
982 1257 1096 1305 tristibus
1111 1255 1183 1312 lata,
1198 1254 1224 1300 et

142 1324 207 1372 deut
216 1325 277 1385 Ergo
285 1326 312 1373 in
320 1326 534 1386 causapropbetiae
542 1325 672 1386 praeiertnr
695 1322 840 1374 illecebrosa
850 1325 1022 1385 rigidioribus,
1034 1325 1061 1371 et
1069 1332 1225 1384 praepropera

142 1389 670 1453 lloysessicutpropbeta:ubiautenrcausa,
696 1393 851 1442 tardioribus.
868 1395 948 1440 Velox
962 1393 1028 1440 enim
1045 1393 1082 1440 est
1093 1391 1225 1450 iniquitas,

143 1458 170 1506 et
184 1470 291 1519 munus,
308 1461 333 1508 et
349 1459 457 1508 oilioium
472 1459 601 1507 sacerdotii
617 1461 670 1519 est,
695 1475 750 1522 qua
760 1462 791 1508 ad
804 1462 942 1510 nocendum
953 1461 1093 1509 occasiones
1100 1458 1223 1519 suggerit3

143 1528 272 1588 prefertur
282 1531 360 1576 Aaron
371 1528 434 1576 sicut
443 1529 563 1576 sacerdos.
572 1527 672 1576 Tracte-
695 1530 752 1589 quia
769 1532 855 1578 veloces
870 1531 938 1589 pedes
953 1529 1003 1588 cius
1017 1530 1049 1576 od
1062 1529 1223 1586 emendandum

144 1607 198 1644 mus
209 1608 265 1656 ergo
275 1596 356 1657 ipsum
366 1597 456 1646 locum.
694 1602 850 1658 sangumem:
862 1598 929 1645 lenta
947 1600 1030 1646 antem
1045 1597 1124 1646 virtus
1142 1594 1223 1642 omnis

173 1664 196 1711 5.
207 1662 670 1724 immolatuserathircuspropeccato,
696 1667 722 1712 et
739 1665 855 1713 diuturna
873 1666 1026 1724 cunctatrix,
1042 1663 1223 1723 antejudicat,

144 1731 671 1789 etoblatiuinbolooaustum.Quaesiviteunr
696 1736 722 1782 et
735 1733 867 1781 adorienda
884 1733 992 1793 inspicit.
1010 1735 1047 1782 lta
1062 1745 1134 1780 mens
1151 1731 1223 1790 boni,

144 1801 227 1860 postea
244 1801 354 1862 Moyses,
371 1802 398 1849 et
415 1801 555 1848 combustus
571 1800 671 1848 tuerat:
696 1802 847 1860 speculatrix
871 1802 1028 1849 consiliorum
1048 1814 1147 1850 suorum
1169 1801 1222 1858 est,

144 1870 175 1917 nl
183 1871 258 1918 doliu
268 1873 301 1918 est
308 1872 397 1929 Moyses
405 1870 435 1916 od
443 1869 503 1926 filios
510 1867 593 1931 Aaron
601 1869 672 1914 Eleo·
695 1869 812 1928 priusque
821 1869 946 1916 examinat
956 1868 1017 1929 quid
1025 1869 1141 1916 decorum
1149 1869 1223 1925 atque

144 1936 576 1998 zor·otltbomor,quiouperfuoront,
584 1937 672 1989 diceus:
697 1936 825 1984 honestum
838 1950 845 1983 z
856 1937 974 1998 iniquitas
982 1950 1040 1984 vero
1049 1949 1123 1996 opere
1132 1935 1223 1994 cogita·

145 2007 222 2068 Quare
229 2020 277 2055 noo
284 2007 451 2063 manducastis,
460 2006 521 2065 guod
529 2017 573 2064 pro
580 2008 671 2064 peccato
696 2004 757 2051 tioni
773 2006 915 2054 antevertit.
932 2007 1002 2065 Pigra
1017 2005 1093 2065 igitur
1109 2005 1135 2052 et
1151 2015 1224 2052 vere·

143 2077 370 2126 immolatumestia
381 2073 536 2123 locosancto?
554 2075 672 2134 Quoniam
696 2073 775 2119 cunda
787 2073 823 2121 est
834 2073 994 2133 poenitentia3
1012 2073 1070 2133 quia
1087 2071 1222 2131 premitur,

144 2147 236 2205 quiam
246 2147 329 2192 sancto
338 2147 474 2193 sanctorum
480 2145 547 2200 suut,
558 2142 601 2189 troc
608 2143 672 2190 uobis
696 2143 722 2188 et
732 2143 860 2190 revocatur
873 2143 1031 2202 praesentium
1042 2141 1151 2202 pudore3
1163 2139 1224 2188 solis

143 2216 196 2261 dedi
211 2216 367 2274 munducare3
382 2215 410 2261 ut
425 2213 539 2272 auferatis
552 2214 672 2271 morotum
696 2209 762 2255 enim
768 2207 1085 2268 intenditiuturis,quorum
1094 2219 1149 2266 spes
1155 2218 1220 2265 sera,
1273 2199 1276 2204 ’

145 2285 273 2344 sinagoge
285 2298 294 2330 .·
304 2285 326 2330 et
336 2284 398 2330 iulus
411 2282 601 2329 manducandum
610 2293 656 2328 esse
662 2312 671 2338 ,
695 2277 787 2325 tardior
797 2277 904 2336 frustm,
912 2279 938 2325 et
948 2277 1003 2325 ideo
1011 2276 1101 2339 petitio
1109 2277 1162 2337 ipsa
1171 2276 1223 2324 tar-

145 2354 204 2400 sicut
214 2352 273 2400 ostiti
279 2353 419 2412 proemium
429 2353 478 2408 est,
490 2349 534 2396 ait.
545 2350 603 2396 Cum
615 2361 671 2408 ergo
696 2345 759 2395 dior.

145 2421 233 2468 iratum
245 2432 303 2470 eum
313 2420 415 2468 vidisset
425 2422 514 2477 Aaron,
524 2417 621 2479 placide
632 2431 672 2465 re·
725 2415 748 2462 6.
758 2415 826 2463 lnter
833 2415 885 2463 bac
892 2415 944 2476 spei
954 2413 1084 2463 etvirtutis
1093 2411 1223 2460 molimina

145 2489 243 2550 spondit
258 2490 282 2538 ei
293 2503 300 2536 ε
313 2491 340 2538 St
354 2489 420 2538 bodie
436 2489 559 2538 obtulerint
569 2501 612 2547 pro
620 2501 672 2546 peo-
695 2484 823 2542 praecurrit
840 2483 1007 2544 impudentia,
1026 2483 1051 2530 et
1066 2482 1149 2541 specie
1160 2493 1225 2540 pra-

145 2557 671 2611 cotosuoholocaustusuooootroliomioum,
695 2551 1223 2611 sentiumpoenitentiaexcluditur,ettam-

145 2628 168 2674 et
176 2627 302 2674 occiderint
311 2625 369 2672 mitit
378 2625 449 2683 totio3
457 2621 603 2669 moodruobo
613 2624 673 2681 quod
695 2631 770 2678 quern
781 2622 895 2668 exuritur
910 2622 1011 2668 allectus
1022 2621 1090 2678 eius,
1102 2620 1128 2667 et
1137 2618 1224 2676 buius·

143 2707 188 2754 pro
201 2696 294 2755 piccuto
310 2693 441 2741 obtuleruut
459 2688 674 2750 tiodieilt’omquid
696 2687 761 2733 modi
781 2688 894 2735 abutetur
914 2688 1029 2735 intuitus.
1053 2687 1147 2745 puerit
1168 2699 1223 2734 eam

143 2763 243 2823 placebit
258 2760 377 2811 Domino?
391 2762 423 2807 Et
439 2759 526 2805 audiuit
537 2759 641 2816 Moyses,
650 2759 673 2805 et
695 2754 761 2813 ber,
770 2756 796 2802 et
805 2766 853 2802 non
862 2754 975 2813 invenit;
987 2753 1099 2800 ambusta
1109 2753 1145 2800 est
1154 2752 1223 2798 eninr

143 2832 231 2894 placuit
241 2832 285 2880 illi.
298 2828 360 2888 Quid
370 2828 418 2875 ista
430 2825 582 2888 significent,
593 2824 673 2874 consi·
696 2823 825 2870 terrorest
836 2823 901 2869 inmo
910 2821 1061 2881 iniquitatis,
1074 2821 1098 2867 et
1109 2820 1223 2879 indigua·

144 2900 269 2948 daremus.
696 2887 1223 2951 tioquaedambegisnroretur.llicitlonses

175 2961 674 3025 i.llihilpeccaresoliusestbei:ernen-
696 2955 1224 3018 devorandamiuissepoeuiteutiaminseno-

144 3036 202 3084 dare
213 3035 330 3097 sapientis
336 3035 386 3093 est,
396 3033 421 3080 et
426 3031 547 3089 corruere
555 3031 672 3087 erratum,
696 3030 727 3076 tis
734 3030 886 3088 sodomum,
896 3027 1035 3076 sacerdotes
1045 3025 1115 3087 quasi
1126 3026 1224 3085 segnio-

145 3108 171 3155 et
185 3104 358 3166 poenitentiam
372 3114 458 3162 gerere
473 3100 580 3161 peccati.
596 3100 622 3146 lo
637 3099 674 3146 ta·
696 3110 734 3144 res
750 3097 872 3157 increpat.
893 3095 1029 3156 Respondit
1047 3096 1126 3141 Aaron
1140 3094 1225 3153 prori-

144 3187 203 3224 men
215 3174 252 3222 est
261 3172 364 3222 difficile
374 3170 401 3217 in
413 3171 459 3217 lias
470 3169 522 3217 vito
536 3166 672 3215 hominum.
696 3165 753 3211 dum
765 3165 855 3213 debere
866 3177 919 3212 esse
928 3163 1050 3223 judicium
1058 3162 1222 3221 sacerdotale,

144 3244 208 3303 Quid
217 3244 284 3291 enirn
291 3242 342 3289 tam
349 3252 441 3298 rarum,
448 3238 555 3300 quamru
563 3235 674 3285 invenias
696 3246 741 3281 nec
756 3233 829 3281 facile
843 3233 971 3280 malesanae
987 3229 1148 3277 conscientia
1158 3241 1224 3276 com-

145 3314 240 3371 virum,
255 3311 337 3371 quise
356 3309 435 3370 ipsum
448 3306 576 3366 coergrrat,
588 3304 674 3353 etiae-
697 3302 846 3360 mittendum,
860 3300 886 3347 id
902 3297 1027 3356 muueris3
1044 3309 1076 3357 ne
1095 3296 1139 3343 fiat
1154 3309 1223 3345 orror

145 3381 198 3428 tum
207 3377 354 3427 condemnet
361 3364 607 3434 suumtnarsitaque
617 3384 674 3420 con·
696 3371 776 3430 priore
792 3368 909 3417 deterior.
927 3369 989 3413 vase
1008 3365 1075 3412 enirn
1086 3363 1168 3412 iaetido
1179 3366 1221 3412 vel

145 3449 218 3497 iessio
227 3449 257 3496 de
265 3447 365 3508 peccato
388 3442 673 3504 rarapoeuitentia,rera
696 3443 778 3488 oleum
788 3440 829 3487 vel
840 3439 925 3488 vinum
935 3435 1008 3485 facile
1019 3433 1184 3495 corrumpitur
1193 3446 1222 3483 ac

146 3519 174 3565 in
188 3517 328 3564 homiuibus
342 3513 414 3561 verbi
429 3512 483 3570 ejus
499 3510 615 3558 adsertio.
624 3511 674 3556 lle-
697 3509 869 3557 deterioratur.

146 3586 238 3648 pugnat
258 3585 325 3633 enim
344 3582 446 3638 natura,
463 3581 586 3637 repugnat
603 3590 675 3624 rere·
726 3572 1092 3635 l.Quomodoautempoterat,
1103 3571 1147 3620 ubi
1159 3570 1224 3632 ignis

145 3654 237 3704 cundia
247 3668 255 3700 ι
265 3653 367 3709 natura,
378 3649 435 3710 quia
451 3659 535 3695 omues
555 3646 600 3692 sub
615 3656 674 3704 pec·
697 3644 793 3690 alienus
811 3643 877 3698 erat,
888 3641 1019 3699 peccatum
1030 3640 1101 3693 cauri
1112 3652 1119 3698 ;
1132 3641 1159 3686 et
1176 3640 1223 3686 hoe

145 3725 215 3781 ceto;
232 3720 316 3781 etqui
332 3730 431 3767 carnem
446 3716 524 3776 gerit,
535 3715 614 3773 culpae
630 3712 674 3760 ob·
698 3711 742 3771 sub
758 3710 890 3767 conspectu
906 3707 1019 3766 Domini,
1031 3707 1113 3761 cuiet
1129 3707 1224 3754 occultu

146 3792 236 3840 noxius
247 3789 292 3837 est.
304 3790 363 3846 Ergo
372 3783 584 3845 repugnatuatnra
594 3780 674 3827 carnis
698 3780 754 3826 suut
771 3775 879 3837 cognita?
895 3776 1018 3835 Numquid
1032 3777 1113 3836 potest
1125 3778 1222 3833 placere

147 3862 173 3907 ot
183 3858 301 3905 illecebra
315 3853 398 3902 soeculi
413 3851 561 3899 innocentia
572 3849 674 3908 integri·
698 3849 813 3906 Domino,
823 3846 843 3893 si
854 3845 910 3906 quis
921 3857 977 3893 cum
987 3845 1067 3892 adbuc
1076 3843 1186 3891 versetur
1197 3840 1223 3887 in

146 3930 250 3988 tutique.
272 3921 404 3982 Repugnat
423 3920 500 3967 etiam
511 3917 673 3975 verecundia3
698 3914 883 3976 iniquitatibus,
895 3914 921 3961 et
936 3913 1082 3971 iniustitiam
1099 3908 1170 3956 corde
1185 3907 1224 3954 in·

147 3997 205 4065 quia
223 3990 346 4042 crubescit
366 3985 533 4047 unusquisque
552 3984 674 4046 propriam
699 3984 790 4032 clusam
798 3983 893 4041 teneat,
904 3981 969 4029 dicat
979 3993 1005 4030 se
1014 3990 1085 4038 agere
1095 3974 1221 4036 poenitsn·
