2760 4800
148 391 192 440 tte
539 395 657 442 sanent
677 394 836 440 annnosn

97 512 106 527 r
145 481 168 524 el
185 479 339 538 promerenda
356 479 433 525 castra
444 493 451 523 .·
462 480 483 525 ei
500 478 556 526 tuba
572 491 639 525 canes
650 479 675 524 in
702 478 738 523 est
748 473 880 535 numerus)
891 475 933 522 sed
946 473 1020 522 etlam
1032 484 1123 521 annum
1136 470 1237 532 sopior·

145 546 208 603 illis,
220 550 241 593 ct
253 547 369 607 colligetur·
381 548 455 593 omnir
473 547 542 593 turba
553 548 583 593 ad
591 548 675 593 ostium
701 546 821 605 gesimam
831 543 1025 604 comprehendit,
1034 543 1134 603 quando
1144 543 1171 589 in
1181 543 1234 589 iiie·

147 614 293 661 tabernaculi
311 615 442 662 testimonii.
456 616 481 662 Si
497 617 575 662 antem
592 617 616 661 in
627 627 676 660 nna
701 614 809 660 rusalem
819 625 944 672 regressus
953 613 990 661 est
999 611 1172 672 populus,qni
1183 622 1235 669 sep

147 683 203 730 taba
214 684 336 740 cecineris,
353 684 383 730 ad
394 685 414 730 lc
423 684 512 730 venient
523 696 600 730 omnes
610 684 676 744 prin-
702 680 813 741 tuaginta
833 681 904 728 annis
923 680 949 728 in
968 680 1114 740 captivitate
1126 677 1233 727 duravit.

147 753 207 810 cipes
217 752 238 798 et
248 752 315 798 duces
329 752 517 808 tercenarium
532 753 619 800 canetis
631 753 676 811 siq-
702 751 729 795 in
741 748 883 796 centesimis
899 761 997 808 quoqne
1009 749 1035 794 et
1053 748 1081 795 in
1096 746 1236 795 millesimis

146 819 301 876 nifieulioncm
327 820 444 879 primam,
465 822 486 867 et
510 820 676 880 promovebunt
702 817 764 864 sacri
779 817 916 864 observatio
932 817 1031 864 numeri
1046 816 1153 863 minime
1173 820 1234 883 praei

147 889 225 934 castra
231 919 240 943 ‚
256 889 278 934 et
289 889 455 934 constituentur
466 889 496 934 ad
507 888 633 936 Orientem.
645 889 677 935 Et
701 886 804 945 teritur3
813 897 895 946 neque
906 888 973 933 enim
980 885 1058 934 otiose
1069 886 1139 932 neus
1150 880 1231 932 dixit:

147 954 204 1002 tuba
212 956 299 1003 canetis
309 957 499 1016 siqm'ficationcm
510 957 634 1003 manniam
639 958 677 1013 ‚et
701 956 792 1014 Reliqui
802 955 861 1002 milri
874 958 958 1016 septem
973 956 1048 1003 millia
1062 951 1187 1010 virorum,
1198 954 1238 1012 qut

145 1024 310 1086 promovebunt
326 1028 420 1084 castro,
436 1028 458 1073 et
468 1026 636 1073 constituentur
646 1027 677 1072 ad
702 1036 749 1069 non
766 1026 919 1072 corroserunt
937 1037 1012 1084 qenua
1024 1026 1079 1071 anie
1090 1019 1164 1070 Baal.
1176 1022 1234 1080 Ergo

87 1155 88 1159 Ἰ
146 1095 272 1142 Libanum.
282 1096 314 1142 Ei
326 1094 381 1141 tuba
391 1096 478 1141 canetis
488 1095 676 1154 significationem
702 1092 788 1138 umbra
803 1091 893 1140 iuturae
904 1092 1003 1156 quietis
1015 1092 1042 1139 in
1051 1088 1234 1161 dielrns,'men'·

148 1163 677 1223 irritam,etpromooelruntcastra,qnacon·
702 1161 782 1220 sibus,
801 1161 884 1220 annis,
904 1161 989 1224 mnndi
1015 1160 1097 1222 ipsius
1122 1157 1235 1220 tempore

147 1233 271 1279 stilaenlur
292 1233 324 1278 ad
340 1234 452 1279 Boream.
471 1232 503 1278 iii
520 1229 576 1277 tuba
591 1232 677 1279 canetis
702 1229 835 1288 ngurarum
845 1230 871 1278 ei
887 1229 944 1277 ideo
954 1242 999 1290 per
1016 1231 1118 1289 Moysen
1134 1229 1232 1276 manda·

147 1300 337 1359 significationem
345 1301 456 1359 quartam
462 1331 470 1356 ,
481 1301 504 1346 et
511 1299 677 1359 promovebunt
703 1299 743 1345 tur
753 1299 811 1346 liliis
821 1300 910 1359 lsrael,
919 1300 947 1346 nt
958 1299 1065 1363 septimo
1077 1309 1179 1358 mense,
1187 1311 1234 1345 nna·

147 1370 241 1428 castra,
253 1381 304 1429 qna
314 1370 481 1416 constituentur
491 1369 521 1414 ad
529 1368 676 1428 Aquilonem.
702 1369 807 1426 mensis,
818 1368 921 1428 singulis
936 1367 979 1414 liat
989 1366 1097 1432 'requies'
1103 1366 1131 1413 in
1139 1378 1232 1428 memo·

148 1437 342 1495 significationem
358 1436 415 1483 tuda
431 1438 555 1483 canentia
568 1440 678 1496 monneto
702 1433 1231 1496 rialetnnarum:necservilealiquodopns

147 1518 237 1552 eorum.
248 1505 279 1551 Et
287 1504 514 1564 cumconqrcqabitio
523 1517 676 1565 synagogam,
703 1505 746 1552 sed
759 1500 811 1553 Deo
826 1505 975 1553 sacrificium
985 1505 1118 1564 oiieratnr3
1130 1503 1232 1565 eoquod

148 1570 204 1620 iuba
223 1574 314 1630 canite,
332 1575 354 1620 et
369 1586 417 1619 non
427 1573 625 1633 significationem.
646 1576 677 1622 m
703 1573 728 1619 in
746 1574 798 1633 ipso
809 1573 858 1622 fine
875 1573 1049 1633 hebdomadis,
1059 1574 1131 1633 quasi
1146 1573 1231 1620 mnndi

147 1642 190 1698 filii
210 1641 293 1689 Aaron
313 1643 441 1690 sacerdotes
460 1643 521 1690 tabis
542 1644 639 1700 canent,
656 1646 678 1691 et
703 1641 816 1701 sabbalo,
826 1642 945 1702 spiritalia
956 1655 970 1689 a
980 1642 1113 1690 nohisnon
1127 1641 1231 1689 carnalla

148 1710 263 1759 estivalis
273 1711 399 1771 legitimum
406 1712 678 1771 oetamaminproqcnies
702 1722 776 1770 opera
787 1711 937 1771 flagitantur.
948 1711 1019 1769 Quod
1037 1711 1107 1758 enim
1123 1711 1236 1770 carnale,

148 1780 245 1827 vestras.
264 1780 385 1832 Stantem
402 1780 508 1827 exieritis
522 1781 548 1826 in
559 1778 643 1827 bellum
653 1782 678 1826 in
703 1780 807 1838 servile3
818 1780 876 1840 quia
893 1781 974 1844 animo
985 1782 1046 1844 earo¹
1059 1778 1141 1843 servit
1155 1790 1163 1826 :
1175 1778 1232 1825 libe·

149 1849 238 1894 terram
251 1849 352 1896 cestram
369 1848 401 1894 ad
419 1849 577 1905 ascensorios,
588 1850 630 1908 qui
639 1863 678 1896 re-
702 1860 757 1894 mm
767 1860 825 1897 vero
834 1842 975 1896 innocentia
983 1847 1054 1908 tacit,
1063 1848 1138 1908 culpa
1146 1858 1230 1896 verna·

148 1917 232 1963 salunt
246 1916 323 1974 uobis,
340 1916 498 1976 significabitis
513 1917 587 1975 tubis,
604 1920 625 1965 ei
639 1931 677 1965 re·
703 1918 794 1965 culum.
805 1946 818 1979 ·.
911 1924 914 1931 '

149 1987 301 2033 miraremini
315 1985 396 2033 coram
413 1987 515 2033 Domino
526 1988 547 2033 et
558 1987 677 2034 liberatio·
734 1987 788 2034 no.
800 1987 913 2047 Oporinit
923 1987 999 2048 igliur
1008 1999 1053 2047 per
1064 1987 1196 2048 speculum
1206 1985 1230 2034 et

148 2067 203 2102 ncm
219 2054 330 2102 habebitis
351 2068 366 2101 a
381 2056 479 2102 morinis
500 2057 591 2102 vestris.
610 2057 642 2102 Et
653 2058 678 2103 in
703 2054 728 2102 in
739 2057 868 2116 aenigmate
879 2057 932 2102 ileri
944 2055 1064 2116 spiritalia
1076 2068 1082 2101 ε
1093 2057 1164 2102 ltnnc
1174 2056 1231 2102 coin

149 2123 227 2171 metuo
245 2124 330 2171 latitia
344 2121 443 2179 vestrm,
459 2125 481 2170 et
491 2124 516 2170 in
526 2123 605 2171 diebus
615 2123 679 2182 festis
701 2136 744 2182 per
757 2124 874 2184 speculum
883 2124 1000 2180 vitemus,
1013 2125 1068 2170 tnnc
1085 2124 1166 2169 autern
1177 2121 1232 2181 facie

149 2193 229 2240 nestris
235 2224 244 2249 ,
264 2192 290 2240 ci'
299 2194 324 2239 ia
339 2193 465 2238 neomeniis
475 2193 556 2238 nestris
568 2193 678 2239 concinite
704 2192 837 2249 adfaciem.
850 2193 919 2238 Nune
930 2190 1065 2238 seeundum
1076 2202 1178 2237 earnem
1189 2188 1232 2234 mi-

151 2261 222 2319 raon,
233 2264 256 2308 et
265 2262 290 2308 in
301 2261 438 2308 holocaustis
449 2263 470 2306 et
484 2260 603 2316 sacmficiis
614 2261 679 2307 sala·
704 2259 816 2317 litamus,
829 2259 887 2306 tnnc
898 2259 986 2318 spiritu
996 2257 1139 2305 videbimus
1151 2257 1232 2320 divina

151 2329 239 2376 taribus
249 2330 329 2376 vestris
334 2359 343 2384 ,
353 2330 375 2373 ct
382 2329 426 2374 crit
433 2326 496 2373 vobis
504 2328 530 2371 in
540 2339 679 2374 commemo-
704 2328 829 2386 mysteria.
841 2328 870 2374 st
886 2327 942 2374 ideo
953 2339 1019 2374 verm
1034 2326 1097 2385 legis
1108 2320 1243 2373 character*

150 2397 241 2444 rationo
258 2397 336 2444 aestro
349 2405 430 2441 coram
448 2395 564 2451 Domino,
580 2396 614 2441 ait
629 2398 679 2443 Do·
704 2398 731 2443 in
742 2398 832 2446 nostris
849 2397 959 2444 moribus
974 2395 1144 2463 exprimatur,
1155 2393 1199 2454 qni
1210 2392 1233 2439 in

151 2466 236 2513 minus.
399 2494 403 2501 ·
431 2496 434 2501 .
705 2465 749 2512 Dei
761 2466 915 2512 ambulamus
924 2463 1177 2525 imagine3quoniam
1185 2462 1233 2520 iam

147 2530 149 2535 ’
181 2533 234 2581 t08.
245 2532 311 2592 Quid
325 2531 413 2594 igitur,
427 2532 481 2582 dies
496 2531 571 2581 iesios
582 2532 607 2581 in
619 2535 679 2594 potu
703 2533 775 2593 Legis
785 2535 872 2579 umbra
890 2533 1005 2581 transivit
1021 2533 1129 2579 :umbra
1145 2530 1234 2578 iudan

151 2603 177 2649 et
194 2603 221 2649 in
237 2603 318 2663 epulis
335 2601 527 2651 aestimabimus?
543 2603 590 2651 Sed
606 2616 679 2651 nemo
703 2603 856 2661 carnalibus,
867 2602 947 2661 imago
957 2601 1039 2660 nobis,
1051 2600 1234 2648 veritasresur·

152 2681 196 2716 nos
206 2669 232 2716 in
243 2669 410 2717 manducando
421 2668 541 2731 dijudicet
550 2683 557 2729 ;
567 2671 679 2718 novimus
703 2671 816 2718 rectoris.
827 2670 883 2717 Tria
894 2671 961 2717 enim
973 2670 1026 2717 haee
1044 2668 1182 2717 secundnm
1192 2669 1233 2714 le·

152 2737 282 2799 onimquia
291 2736 344 2786 Lex
354 2735 471 2798 spiritalis
479 2741 532 2788 est:
544 2742 617 2787 ltemo
625 2753 678 2801 erqo
703 2752 758 2798 gem
767 2751 820 2786 esse
832 2738 1001 2798 cognorimus,
1011 2738 1137 2796 umbram,
1150 2736 1233 2797 imagi·

151 2821 193 2855 nm
199 2806 285 2866 iudicet
295 2809 320 2854 in
328 2810 383 2856 escis
392 2808 517 2869 aliquibus,
526 2810 568 2856 ant
577 2809 603 2859 in
612 2811 678 2868 potu,
704 2808 927 2867 nem-veritatem
946 2820 953 2853 ε
973 2807 1086 2854 umbram
1110 2806 1137 2854 in
1157 2807 1233 2871 Lege,

151 2878 192 2922 ant
200 2877 225 2922 in
233 2878 300 2936 porta
308 2877 354 2923 diei
362 2876 430 2935 festi,
436 2879 478 2923 aut
486 2877 625 2934 neomeniis,
637 2878 679 2923 aut
703 2875 835 2936 imaginem
854 2875 880 2921 in
898 2874 1045 2934 Evangelio,
1063 2873 1199 2921 veritatem
1209 2873 1235 2919 in

150 2944 263 3003 sabbalo,
281 2958 333 3005 quar
349 2948 404 2992 sum
420 2945 505 2994 umbra
527 2947 678 3005 peturanum,
701 2943 859 3003 jndicio.Sed
866 2942 954 2990 Christi
966 2941 1060 3001 omnia,
1070 2941 1097 2988 et
1106 2941 1131 2987 in
1139 2940 1233 2989 Christo

151 3027 233 3074 corpus
258 3017 336 3062 autem
362 3014 455 3063 Christi.
482 3014 571 3074 Corpus
594 3014 677 3073 itaque
703 3012 950 3071 omnia,qnemnnne
963 3009 1233 3058 secundumveritatern

150 3082 422 3142 Christi'requiramus,
439 3078 592 3141 quod'vonis
609 3082 677 3141 quasi
703 3080 788 3129 ridere
806 3092 855 3127 non
882 3091 1010 3139 possumus
1029 3091 1036 3123 ε
1057 3077 1102 3125 sed
1120 3078 1233 3125 videmus

149 3150 359 3201 novissimatuha
376 3162 426 3197 vox
445 3150 475 3196 de
494 3149 556 3196 coelo
576 3150 678 3208 palerna
702 3151 771 3210 quasi
789 3151 815 3197 in
833 3149 938 3210 quadam
956 3148 1064 3208 imagine
1079 3147 1232 3205 futurorum,

151 3217 307 3276 monstravit,
318 3218 377 3265 tuno
390 3229 447 3263 cum
456 3216 572 3263 dicebant
582 3216 678 3275 iudaei,
702 3232 806 3278 qnorum
816 3219 929 3267 umbram
939 3217 966 3264 in
976 3218 1040 3276 nege
1050 3216 1231 3277 perspeximus.

149 3287 207 3345 quia
217 3284 353 3334 tonitruum
363 3283 454 3331 iactum
465 3284 503 3332 est
521 3284 558 3331 illi
571 3296 578 3330 :
589 3296 678 3344 corpus
702 3292 763 3350 Erga
780 3289 890 3337 Christus
906 3299 956 3335 non
974 3288 1075 3344 ambra,
1091 3287 1136 3335 sed
1155 3286 1235 3345 imago

149 3355 251 3414 Christi,
262 3354 328 3415 qnod
339 3353 430 3400 iterum
445 3353 504 3400 tuba
513 3353 585 3400 nobis
595 3353 678 3401 novis·
703 3357 748 3402 Dei
760 3369 766 3403 τ
779 3367 828 3402 non
839 3367 916 3403 vaona
927 3356 1022 3414 imago,
1032 3353 1076 3401 sed
1091 3353 1193 3400 veritas.
1207 3353 1234 3400 Et
1256 3403 1258 3406 Α

150 3423 211 3471 sima
227 3421 361 3481 revelabit3
373 3421 488 3481 quoniam
503 3424 551 3482 ipse
564 3424 678 3470 Dominus
703 3424 759 3470 ideo
770 3436 814 3483 per
824 3424 924 3482 Moysen
942 3421 1077 3480 Le13quia
1092 3422 1181 3467 umbra
1190 3430 1236 3481 per

149 3496 174 3539 in
189 3493 257 3550 q'usm
272 3490 412 3551 Arclranqeti
419 3522 428 3548 ‚
439 3493 461 3538 et
476 3492 502 3538 ia
516 3491 572 3538 tuba
582 3492 629 3537 Dei
638 3493 677 3536 de-
703 3491 924 3550 hominem,iigura
931 3503 978 3550 per
986 3491 1088 3548 Legem,
1098 3500 1143 3548 per
1151 3489 1245 3535 iesum-

149 3560 272 3606 scendctde
283 3559 339 3605 coelo
349 3572 357 3604 r
366 3561 388 3605 et
398 3559 486 3605 mortui
497 3559 538 3617 qui
549 3559 573 3604 ia
585 3557 677 3605 citrino
702 3561 803 3609 veritas.
820 3561 904 3619 Neque
923 3559 989 3606 enim
1005 3558 1098 3605 veritas
1117 3557 1230 3616 aliunde,

58 3652 60 3656 ν
148 3629 216 3682 sunt,
234 3629 366 3686 rerurqcni5
377 3625 499 3673 nbi'enim
516 3638 614 3686 corpus,
630 3626 677 3673 illic
703 3627 750 3674 nisi
763 3640 795 3674 ex
807 3627 912 3674 veritate
922 3625 1076 3686 procederet.

149 3697 171 3741 el
182 3695 266 3754 aquila
277 3708 285 3740 .·
296 3693 340 3741 uni
357 3694 447 3742 Christi
464 3706 564 3754 corpus,
577 3693 613 3739 ihi
634 3705 678 3741 ve·
733 3697 787 3742 lll.
799 3695 825 3743 Si
835 3695 889 3754 quis
901 3707 958 3754 orgo
969 3695 1031 3741 hanc
1042 3693 1177 3752 imaginem
1188 3691 1232 3739 Dei

149 3762 218 3811 ritas·
263 3765 271 3801 ἶ
295 3776 301 3803 ’-
414 3795 417 3801 ·
703 3759 1232 3819 videredesiderat,delretdiligereDeum,
1280 3807 1284 3815 ¹

180 3830 234 3879 los.
243 3831 350 3891 Septima
363 3831 436 3891 igitur
447 3833 506 3880 tuba
516 3830 677 3879 hebdomadis
702 3831 731 3877 ut
749 3830 868 3889 diligatur
887 3842 899 3875 a
919 3830 971 3875 Deo
990 3840 996 3872 ε
1017 3828 1043 3875 et
1060 3827 1092 3874 sit
1116 3827 1168 3885 jam
1187 3836 1234 3871 non

150 3900 261 3959 requiem
280 3899 378 3947 videtur
388 3900 545 3958 significare,
557 3911 611 3958 quse
630 3911 677 3945 non
702 3908 800 3954 servus,
816 3896 859 3942 sed
877 3895 984 3953 amicus,
1001 3893 1044 3952 qul
1060 3893 1176 3952 marollota
1190 3889 1233 3951 liei

150 3968 228 4015 solum
239 3968 273 4014 'in
292 3967 379 4014 diebus
399 3967 508 4014 et'annis
527 3967 552 4012 et
569 3967 677 4026 periodis
703 3965 808 4022 iecerii3
827 3964 855 4010 nt
872 3965 946 4022 possit
966 3963 1068 4010 introire
1085 3962 1112 4007 in
1128 3961 1233 4018 narsitem,

148 4038 283 4085 aestimatur
300 4030 422 4098 (undeet
439 4028 676 4098 jubilaeussacmlns
702 4033 745 4080 ubi
767 4035 802 4081 est
816 4035 888 4080 Deus.
902 4033 954 4090 ipso
975 4030 1050 4078 iaciat
1061 4029 1108 4076 sibi
1127 4029 1235 4077 ratione-
