2760 4800
474 372 714 420 uersuotxndm
728 375 865 421 duisels
878 377 898 421 1.
1184 375 1230 422 51⁸5
1300 402 1304 411 ι

149 451 251 501 sortitur
262 451 389 513 mysteria,
406 458 561 502 cousecratur
571 468 615 514 per
624 467 679 513 gra·
733 457 757 503 8.
768 456 837 515 Quod
844 456 929 503 autem
936 453 1003 503 dlxlt
1013 469 1020 502 ε
1032 458 1060 505 ln
1069 469 1123 505 coro
1132 460 1153 506 ct
1161 458 1186 505 in
1195 471 1230 506 se·

149 521 211 567 tiam
219 553 226 579 ,
235 521 261 578 et
271 520 303 567 ad
313 520 483 568 haereditatem
494 523 679 582 reguicoelestis
703 526 790 572 nucero
806 525 898 584 borctei,¹
910 523 936 570 in
953 536 1009 571 coro
1019 525 1232 585 mensurae-pleni·

149 590 260 636 vocatur.
275 589 361 649 iliaque
379 589 405 636 in
423 590 556 638 virtutibus
574 591 679 651 Spiritus
704 592 761 638 tudo
772 594 822 649 est,
834 593 860 638 in
874 592 992 639 semicoro
1009 593 1143 651 semiplena
1161 605 1231 640 men-

148 656 229 702 sancti
248 657 408 705 hebdomadis
426 659 516 717 gratia,
538 660 624 706 eadem
644 661 679 706 ta·
703 672 768 706 sura.
778 660 907 707 Plenitudo
915 661 942 706 in
951 660 1100 720 Evangelio
1110 662 1231 720 semiper·

146 735 207 770 men
216 724 393 771 hebdomadam
401 727 469 772 sonat
475 727 614 786 ogdoaden
622 739 678 774 con
703 727 800 774 iectio'
793 740 820 773 ιιι
832 728 911 786 bege;
927 728 991 775 sicut
1001 728 1120 787 legimus,
1132 729 1229 777 dicente

112 808 116 815 -
147 793 237 837 secret.
245 792 273 837 ln
282 792 325 838 rlla
333 803 419 851 sonus
429 806 455 838 ιιι
465 793 511 839 usta
520 793 614 840 fructus
626 795 677 852 est
703 797 825 843 Domino:
838 799 892 844 Non
908 800 962 844 ocni
976 800 1060 856 Leqcm
1074 799 1159 844 soluere
1165 829 1175 854 ,
1190 799 1229 845 scd

148 855 253 917 ideoque
265 859 350 906 octavo
362 859 402 906 die
413 861 492 906 soluta
503 862 614 919 paradiso
621 862 679 909 red
703 866 806 923 impiere.
818 865 848 910 nt
855 864 929 922 abbr
939 864 1058 911 babemus
1068 864 1165 912 dicente
1179 865 1229 913 Do-

146 923 212 972 didit
222 925 329 985 Spiritus
339 928 431 988 matie,
442 940 503 987 quos
514 928 678 978 extorressua
703 932 769 978 mino
786 944 832 991 per
848 933 974 979 Michaeam
993 933 1153 992 prophetam,
1170 935 1229 994 quia

147 992 335 1054 ieceratculpa
703 1001 1068 1064 tuncpoceritialerrclsrael,
1080 1005 1230 1051 cumvenerit

138 1100 142 1105 .
177 1061 203 1107 6.
215 1062 288 1110 Novit
299 1063 423 1122 ogdoaden
430 1063 517 1125 istam,
526 1078 599 1125 quam
611 1066 678 1114 octa·
702 1071 843 1128 Assyriusin
853 1071 941 1116 torum
950 1068 1011 1126 ejus,
1022 1071 1229 1124 otiosorreacercat

146 1139 205 1177 vam
215 1130 291 1179 latine
306 1132 426 1194 dicimus,
445 1136 518 1182 vetus
535 1135 677 1182 l'estamen·
701 1140 727 1184 io
742 1140 888 1197 eomseptem
902 1138 1019 1197 pastores,
1037 1139 1060 1183 et
1077 1139 1126 1184 octo
1138 1151 1229 1186 morsus

145 1197 216 1257 tum,
237 1199 359 1260 siquidem
382 1202 417 1248 ait
438 1203 622 1250 Ecclesiastes
615 1236 621 1249 .
638 1208 677 1252 Do
702 1204 1229 1264 bominem.l'nncenimpienapaxestfldeli

144 1271 237 1328 purtem
250 1270 296 1316 iliis
313 1272 398 1330 septem
404 1302 413 1327 ‚
425 1274 448 1318 et
456 1273 502 1319 illis
513 1274 606 1331 quidem
616 1275 675 1320 octo.
701 1276 792 1334 populo
800 1274 830 1321 ab
841 1273 954 1321 omnibus
961 1273 1141 1321 tentationibus
1151 1275 1176 1321 et
1186 1287 1229 1322 va·

147 1335 287 1384 ilebdomes
302 1339 395 1386 ueteris
405 1339 556 1386 Testamenti
573 1341 624 1400 est,
635 1353 676 1388 oc·
701 1342 819 1391 nitatibus
834 1343 961 1401 absoluto,
979 1352 1034 1388 cum
1050 1341 1136 1388 mundi
1155 1342 1229 1402 hujus

146 1406 204 1454 tara
213 1406 285 1466 novi,
293 1407 389 1466 quando
401 1408 513 1456 Christus
523 1409 674 1469 resurrexit,
702 1410 834 1458 vanitatem
845 1410 995 1457 excluserint
1005 1409 1035 1456 de
1046 1410 1160 1457 cordibus
1170 1423 1228 1458 nos·

146 1475 172 1521 et
179 1474 233 1522 dies
240 1475 353 1523 omnibus
359 1488 429 1523 uovae
438 1476 522 1525 salutis
530 1478 623 1527 illuxit.
629 1481 674 1527 ille
701 1479 745 1527 tris
755 1491 803 1538 pax
814 1479 839 1524 et
856 1478 950 1536 qratia.
944 1490 950 1503 ·
962 1489 1012 1537 pax
1028 1477 1135 1538 veteris,
1150 1480 1227 1538 qratia

146 1541 214 1602 dies,
233 1544 265 1590 de
282 1556 330 1604 qno
346 1543 382 1590 ait
398 1544 538 1604 propheta:
554 1549 598 1595 Hic
614 1550 674 1606 dies,
700 1547 758 1593 nori
769 1546 949 1596 l'estamenti

146 1610 276 1669 quemfecit
285 1613 417 1669 Dominus
429 1614 570 1660 resultemus
580 1617 601 1661 el
612 1616 674 1664 lete
729 1615 753 1661 9.
771 1614 871 1675 Septem
891 1615 1000 1674 pastores
1017 1614 1139 1676 praecepte
1157 1616 1229 1676 Legis

146 1689 202 1724 mor
210 1679 238 1724 in
248 1692 288 1738 σος
298 1677 399 1737 quodie
415 1691 441 1725 se
456 1678 535 1757 iulgor
544 1681 624 1739 plenae
636 1683 675 1729 at·
700 1685 771 1742 sunt,
782 1685 871 1743 quibus
882 1697 944 1744 grex
960 1683 1039 1730 adbuc
1049 1685 1118 1743 quasi
1130 1678 1228 1733 irratio-

146 1759 196 1806 que
214 1747 331 1807 periectas
350 1747 543 1797 circumcisionis
560 1751 675 1798 bumauis
701 1752 815 1798 nabilis
808 1764 835 1798 ru
856 1752 924 1810 virga
946 1750 1021 1810 Moysi
1039 1764 1084 1810 per
1103 1752 1228 1800 desertum

145 1816 287 1874 pectoribus
303 1816 404 1864 infudit.
420 1818 550 1876 Propterea
564 1820 675 1868 etvetus
700 1819 786 1866 ductus
797 1819 823 1866 et
839 1818 989 1878 gubernatus
1000 1819 1046 1865 est.
1059 1816 1118 1865 Octo
1134 1832 1228 1867 morsus
1324 1867 1327 1873 ,

145 1884 329 1933 Testamentum
347 1885 415 1933 dedit
431 1888 527 1945 partem
537 1887 629 1936 octavae
647 1890 674 1935 iu
700 1888 827 1934 hominum
838 1887 952 1933 mandata
962 1887 1091 1944 Evangelii
1103 1887 1129 1933 et
1140 1887 1227 1934 Domi·

147 1951 341 2007 circumcisionis
368 1953 533 2001 solemnitate.
559 1954 607 2001 Sed
633 1956 674 2002 illa
700 1955 751 2002 uici
761 1955 810 2003 oris
826 1955 951 2014 alloquia:
965 1956 1038 2002 Corde
1050 1956 1111 2001 enim
1126 1957 1228 2003 creditur

135 2021 229 2069 adhuc
238 2021 264 2069 in
274 2022 360 2069 umbra
371 2023 463 2069 latebat
474 2037 481 2068 ι
492 2022 561 2071 venit
571 2024 612 2070 Sol
620 2025 673 2083 jus·
700 2026 730 2071 od
741 2023 858 2082 justitiam
865 2055 873 2079 ,
884 2037 923 2070 ore
935 2026 1013 2070 cotem
1026 2021 1136 2081 confessio
1151 2023 1178 2081 fit
1195 2024 1227 2070 od

145 2089 223 2151 titia,
235 2091 262 2139 et
272 2090 480 2138 consummatione
491 2091 609 2149 passionis
618 2106 675 2152 pro·
699 2093 806 2138 sulutem.
824 2091 885 2137 Boni
902 2101 1009 2147 morsus,
1025 2101 1071 2148 per
1089 2101 1149 2148 quos
1164 2090 1224 2138 ritas

146 2156 208 2216 priae
217 2158 338 2209 revelavit
345 2157 382 2204 sui
393 2157 494 2204 luminis
504 2157 585 2206 radios
596 2173 603 2205 ι
614 2173 674 2220 quos
699 2159 798 2205 aeternae
818 2169 907 2205 munus
926 2158 1091 2216 gustavimus,
1110 2156 1225 2216 peccato·

139 2224 674 2290 ·retexitomnibns,etvitaeclaritatcmape-
699 2237 753 2271 rum
762 2224 930 2272 remissionem
939 2225 966 2270 in
974 2224 1063 2270 Christi
1072 2234 1172 2282 corpore
1181 2223 1226 2272 do·

146 2292 314 2342 ruitaeternae.
418 2309 420 2313 ¹
699 2296 819 2342 vorantes.
835 2293 1225 2341 inveteri'lestamentoamarus

176 2361 200 2408 7.
215 2362 258 2410 isti
268 2375 325 2423 erqo
336 2364 393 2411 sunt
407 2365 501 2424 septem
518 2366 544 2413 ct
560 2366 629 2425 octo,
642 2367 673 2414 de
699 2377 793 2412 morsus
808 2365 846 2411 est
860 2362 959 2420 mortis,
981 2362 1111 2421 propterea
1131 2362 1225 2409 dictum

146 2434 237 2493 quibus
253 2435 279 2480 et
294 2435 355 2481 Osee
371 2435 432 2482 dicii
447 2436 513 2514 qpod
528 2449 557 2483 eo
571 2450 673 2484 numero
699 2436 754 2483 esi:
768 2435 891 2482 Devororit
902 2445 965 2478 mors
978 2431 1113 2491 prevalens.
1125 2431 1152 2476 lu
1163 2442 1226 2478 novo

146 2502 292 2550 conduxerit
299 2503 361 2562 sibi,
370 2504 395 2550 et
403 2503 546 2562 adquisierit
557 2505 613 2552 iidei
622 2509 674 2566 ple·
699 2501 1039 2552 Testamentosuavismorsus
1047 2503 1084 2546 est
1094 2499 1162 2559 vitae,
1170 2511 1225 2559 quae

145 2570 300 2629 nitudinem3
311 2572 347 2618 sic
357 2571 424 2618 eninr
435 2571 530 2618 babes.
524 2574 641 2631 niaco,
653 2578 674 2622 et
699 2574 802 2618 mortem
810 2569 949 2627 absorbuit,
957 2569 1086 2628 propterea
1097 2568 1225 2627 Apostolus

126 2697 130 2700 ῃ
145 2639 310 2685 conducimilti
318 2639 582 2698 qaindecimurqcoicis,
591 2643 674 2687 etcoro
699 2641 750 2686 ait:
761 2642 878 2687 Deeoroio
891 2639 924 2684 est
938 2649 1001 2683 mors
1021 2639 1046 2682 ta
1061 2638 1158 2684 victorio
1171 2649 1224 2684 scta

144 2706 241 2764 bordei,
250 2709 272 2754 et
281 2720 391 2755 semicoro
403 2706 496 2763 herde,
510 2709 531 2753 et
542 2708 606 2754 aeret
615 2723 672 2755 οιιιι
701 2707 874 2763 licissimum,
880 2705 978 2751 victorae
988 2703 1047 2750 tuo
1054 2705 1143 2762 obteri,
1151 2717 1224 2762 mors,
1295 2735 1300 2744 ι

143 2774 334 2821 Conducendam
362 2774 445 2820 autem
471 2774 496 2820 ei
517 2776 674 2823 meretricem
699 2771 869 2820 ammaricus?

143 2841 263 2889 Dominus
280 2841 453 2905 praeceperat'
446 2853 473 2887 ιιι
487 2843 673 2901 superioribus:
723 2841 762 2888 lo.
769 2840 846 2900 litque
858 2841 887 2887 ut
898 2837 1037 2898 apostolicis
1047 2838 1144 2886 utamur
1154 2839 1226 2886 testi·

143 2909 229 2968 itaque
247 2908 404 2954 manifestum
422 2908 460 2954 est
476 2909 542 2967 quod
557 2911 675 2958 conduxit
700 2909 801 2966 moniis,
812 2908 854 2955 ubi
870 2907 997 2954 bominem
1013 2907 1073 2955 iecit
1090 2908 1171 2965 Deus,
1182 2919 1224 2954 rc·

142 2988 200 3024 eam
210 3007 218 3032 ,
229 2976 271 3033 qui
283 2975 358 3021 etiarn
377 2977 499 3023 mercedis
511 2978 674 3035 quantitatem
699 2976 794 3037 quievit
804 2976 834 3021 ab
843 2973 954 3021 omuibus
962 2973 1077 3032 operibus
1088 2974 1138 3020 suis
1146 2973 1172 3020 in
1184 2973 1226 3021 die

141 3041 276 3104 expressit.
296 3043 444 3100 Quindecim
461 3045 545 3091 autem
565 3047 674 3104 argentei
699 3045 812 3106 septima.
829 3044 878 3092 Sed
893 3044 951 3103 quia
966 3042 1072 3102 populus
1087 3043 1225 3090 ludaeorum

142 3127 177 3162 ex
190 3109 287 3171 septem
298 3112 323 3160 et
334 3114 389 3160 octo
400 3114 528 3161 constant:
542 3116 674 3163 bebdoma-
699 3127 744 3175 per
762 3113 939 3161 contumaciam
961 3112 1091 3158 contemsit
1111 3110 1225 3158 mandata

142 3181 289 3240 domitaque
298 3182 324 3228 ct
332 3183 443 3229 octavam
452 3182 599 3240 significant.
608 3185 674 3232 Duo·
700 3183 744 3229 Dei
763 3183 816 3238 sui,
831 3181 867 3228 ait
877 3180 995 3228 Dominus
1007 3193 1014 3225 ι
1027 3181 1053 3227 Si
1062 3179 1190 3227 introibunt
1200 3183 1225 3227 ιἰι

143 3262 200 3296 rum
220 3250 296 3308 igitur
321 3249 550 3310 testamentorum,
575 3251 602 3298 id
623 3254 673 3313 est,
698 3254 800 3312 requiem
808 3263 892 3297 measa.
904 3250 933 3296 ut
944 3249 999 3295 ideo
1007 3248 1080 3295 aliam
1088 3250 1154 3294 Deus
1162 3261 1226 3307 prae·

142 3319 225 3378 plenae
241 3317 299 3364 fidei
314 3318 394 3377 pretio
413 3318 543 3379 l‘roplretia
561 3332 674 3368 cousum—
699 3320 778 3367 finivit
788 3319 867 3376 diem,
882 3318 912 3365 de
929 3329 977 3378 qua
988 3316 1050 3363 dicit
1060 3329 1067 3363 c
1077 3318 1225 3366 Hodiesioo·

143 3385 278 3431 mationem
289 3386 674 3447 accepiiiidei,Ecclesiapleui·
698 3402 746 3436 orm
764 3402 840 3436 eneam
855 3389 982 3434 audieritis.
1004 3387 1069 3432 Duos
1087 3385 1154 3432 enim
1173 3386 1227 3435 dies

143 3451 268 3512 tudinem3
277 3452 357 3512 primo
367 3454 673 3515 eniml'estamentolsrael
699 3456 884 3516 comprehendit
894 3454 1017 3515 Scriptura
1025 3455 1160 3514 generales,
1169 3455 1225 3503 heri

144 3521 279 3580 adquisitus
290 3522 327 3568 est
338 3523 456 3581 populus,
474 3525 582 3571 secundo
592 3527 674 3572 natio·
699 3527 724 3574 et
740 3526 826 3583 bodie3
848 3524 878 3571 de
899 3525 989 3584 quibus
1006 3524 1066 3571 dicit
1077 3537 1083 3568 ι
1095 3526 1226 3571 imitamini

143 3598 204 3635 uum
218 3590 243 3636 et
260 3591 382 3649 gentium.
394 3589 452 3635 Fide
465 3602 521 3648 ergo
532 3592 604 3649 plena
616 3605 674 3639 con·
697 3595 763 3650 sidem
772 3596 826 3640 lesu
837 3594 931 3640 Clarisii.
943 3593 999 3638 Heri
1010 3594 1031 3638 et
1042 3591 1107 3637 bodie
1119 3593 1165 3651 ipsc
1175 3595 1225 3651 cst,

143 3654 242 3702 ducitur
255 3655 391 3715 meretrix,
402 3656 442 3703 vel
459 3669 491 3703 ex
506 3657 621 3717 gentibus
632 3671 673 3705 co·
698 3661 719 3705 ci
728 3661 752 3704 ia
762 3659 854 3705 soeculo.
867 3658 894 3702 ln
905 3657 1030 3714 superiore
1042 3656 1082 3702 die
1094 3655 1223 3716 promissio

143 3724 228 3783 palam
246 3724 284 3771 sui
307 3737 432 3783 quaerens,
452 3725 493 3773 uel
512 3738 545 3772 ex
562 3725 673 3772 adultero
699 3723 749 3780 est,
768 3722 794 3767 in
810 3722 969 3781 consequenti
989 3720 1086 3768 solutio.
1104 3722 1153 3770 Sed
1166 3724 1225 3781 quia

143 3790 284 3839 ludaeorum
292 3793 397 3852 populo,
405 3807 450 3853 qur
442 3793 591 3841 Dominum
601 3806 673 3841 suum
699 3789 814 3837 hesterna
822 3790 862 3837 die
873 3802 952 3849 neque
961 3789 1062 3850 Moyses,
1067 3802 1148 3850 neque
1156 3791 1225 3835 lesus

143 3857 170 3903 et
181 3859 304 3905 auctorem
320 3861 447 3920 virginalis
461 3861 520 3909 iidei
530 3861 676 3922 ‹teretique-¹
697 3859 763 3905 Nave
774 3859 890 3917 populum
901 3857 1017 3906 induxit
1010 3871 1035 3904 m
1047 3858 1171 3933 requiem3
1181 3855 1224 3900 bo·
1297 3875 1307 3883 -

143 3926 195 3982 rat,
207 3927 343 3977 conventus
359 3940 415 3977 suos
430 3929 507 3978 totius
517 3930 584 3979 orbis
594 3931 673 3992 spatio
698 3927 783 3975 dierna
793 3926 834 3973 die
849 3926 958 3974 Christus
972 3925 1084 3982 induxit,
1103 3923 1143 3969 cui
1160 3919 1224 3968 dixit

144 3991 292 4045 mirandem
566 4014 571 4021 ·
697 3995 783 4044 Pater:
789 3988 1223 4059 Epeirodieqeaoile3porsuamenirn
