<?xml version="1.0" encoding="UTF-8"?>
<!DOCTYPE html PUBLIC "-//W3C//DTD XHTML 1.0 Transitional//EN"
    "http://www.w3.org/TR/xhtml1/DTD/xhtml1-transitional.dtd">
<html xmlns="http://www.w3.org/1999/xhtml" xml:lang="en" lang="en">
 <head>
  <title>
</title>
<meta http-equiv="Content-Type" content="text/html;charset=utf-8" />
  <meta name='ocr-system' content='tesseract 3.04.00' />
  <meta name='ocr-capabilities' content='ocr_page ocr_carea ocr_par ocr_line ocrx_word'/>
</head>
<body>
  <div class='ocr_page' id='page_1' title='image "./operaomnia03ambrgoog/operaomnia03ambrgoog_0119.png"; bbox 0 0 2760 4800; ppageno 0'>
   <div class='ocr_carea' id='block_1_1' title="bbox 70 375 859 446">
    <p class='ocr_par' dir='ltr' id='par_1_1' title="bbox 70 375 859 446">
     <span class='ocr_line' id='line_1_1' title="bbox 70 375 859 446; baseline -0.001 0"><span class='ocrx_word' id='word_1_1' title='bbox 70 375 75 383; x_wconf 85' lang='grc'><strong>’</strong></span> <span class='ocrx_word' id='word_1_2' title='bbox 125 386 128 390; x_wconf 81' lang='grc'><strong>’</strong></span> <span class='ocrx_word' id='word_1_3' title='bbox 153 397 198 446; x_wconf 81' lang='lat' dir='ltr'><strong>ns</strong></span> <span class='ocrx_word' id='word_1_4' title='bbox 547 401 673 446; x_wconf 78' lang='lat' dir='ltr'><strong>sancus</strong></span> <span class='ocrx_word' id='word_1_5' title='bbox 692 400 859 446; x_wconf 77' lang='lat' dir='ltr'><strong>sunnosn</strong></span> 
     </span>
    </p>
   </div>
   <div class='ocr_carea' id='block_1_2' title="bbox 152 475 1234 882">
    <p class='ocr_par' dir='ltr' id='par_1_2' title="bbox 152 475 1233 814">
     <span class='ocr_line' id='line_1_2' title="bbox 152 475 1233 542; baseline 0 -16"><span class='ocrx_word' id='word_1_6' title='bbox 152 481 235 540; x_wconf 90' lang='lat' dir='ltr'><strong>bolus,</strong></span> <span class='ocrx_word' id='word_1_7' title='bbox 247 480 272 530; x_wconf 92' lang='lat' dir='ltr'><strong>ct</strong></span> <span class='ocrx_word' id='word_1_8' title='bbox 284 480 404 530; x_wconf 82' lang='lat' dir='ltr'><strong>celantem</strong></span> <span class='ocrx_word' id='word_1_9' title='bbox 415 479 515 541; x_wconf 88' lang='lat' dir='ltr'><strong>peccata</strong></span> <span class='ocrx_word' id='word_1_10' title='bbox 531 481 575 528; x_wconf 91' lang='lat' dir='ltr'><strong>tua</strong></span> <span class='ocrx_word' id='word_1_11' title='bbox 586 482 678 542; x_wconf 86' lang='lat' dir='ltr'><strong>arguat.</strong></span> <span class='ocrx_word' id='word_1_12' title='bbox 704 481 829 529; x_wconf 85' lang='lat' dir='ltr'><strong>solventur</strong></span> <span class='ocrx_word' id='word_1_13' title='bbox 845 476 956 541; x_wconf 88' lang='lat' dir='ltr'><strong>vincula,</strong></span> <span class='ocrx_word' id='word_1_14' title='bbox 973 475 1069 532; x_wconf 85' lang='lat' dir='ltr'><strong>etiamsi</strong></span> <span class='ocrx_word' id='word_1_15' title='bbox 1087 475 1233 540; x_wconf 75' lang='lat' dir='ltr'><strong>comptem</strong></span> 
     </span>
     <span class='ocr_line' id='line_1_3' title="bbox 152 547 1233 609; baseline -0.001 -15"><span class='ocrx_word' id='word_1_16' title='bbox 152 548 262 599; x_wconf 80' lang='lat' dir='ltr'><strong>Prmveni</strong></span> <span class='ocrx_word' id='word_1_17' title='bbox 276 550 438 597; x_wconf 87' lang='lat' dir='ltr'><strong>accusatorum</strong></span> <span class='ocrx_word' id='word_1_18' title='bbox 455 551 525 596; x_wconf 90' lang='lat' dir='ltr'><strong>tuum</strong></span> <span class='ocrx_word' id='word_1_19' title='bbox 537 563 544 596; x_wconf 81' lang='lat' dir='ltr'><strong>a</strong></span> <span class='ocrx_word' id='word_1_20' title='bbox 556 550 576 596; x_wconf 92' lang='lat' dir='ltr'><strong>si</strong></span> <span class='ocrx_word' id='word_1_21' title='bbox 588 551 613 598; x_wconf 88' lang='lat' dir='ltr'><strong>to</strong></span> <span class='ocrx_word' id='word_1_22' title='bbox 626 551 679 609; x_wconf 93' lang='lat' dir='ltr'><strong>ipse</strong></span> <span class='ocrx_word' id='word_1_23' title='bbox 704 562 825 608; x_wconf 76' lang='lat' dir='ltr'>corporeae</span> <span class='ocrx_word' id='word_1_24' title='bbox 841 548 911 595; x_wconf 79' lang='lat' dir='ltr'><strong>foetor</strong></span> <span class='ocrx_word' id='word_1_25' title='bbox 925 547 1005 608; x_wconf 88' lang='lat' dir='ltr'><strong>gravis</strong></span> <span class='ocrx_word' id='word_1_26' title='bbox 1020 547 1062 596; x_wconf 92' lang='lat' dir='ltr'><strong>sit.</strong></span> <span class='ocrx_word' id='word_1_27' title='bbox 1070 547 1233 607; x_wconf 87' lang='lat' dir='ltr'><strong>Quatriduum</strong></span> 
     </span>
     <span class='ocr_line' id='line_1_4' title="bbox 153 612 1232 675; baseline -0.002 -11"><span class='ocrx_word' id='word_1_28' title='bbox 153 619 597 675; x_wconf 87' lang='lat' dir='ltr'><strong>accusaveris,accusatoremnullum</strong></span> <span class='ocrx_word' id='word_1_29' title='bbox 608 619 680 668; x_wconf 91' lang='lat' dir='ltr'><strong>time-</strong></span> <span class='ocrx_word' id='word_1_30' title='bbox 704 618 770 664; x_wconf 90' lang='lat' dir='ltr'><strong>enim</strong></span> <span class='ocrx_word' id='word_1_31' title='bbox 785 617 893 664; x_wconf 87' lang='lat' dir='ltr'><strong>babebat</strong></span> <span class='ocrx_word' id='word_1_32' title='bbox 910 615 966 675; x_wconf 90' lang='lat' dir='ltr'><strong>ille,</strong></span> <span class='ocrx_word' id='word_1_33' title='bbox 988 617 1059 674; x_wconf 88' lang='lat' dir='ltr'><strong>cujus</strong></span> <span class='ocrx_word' id='word_1_34' title='bbox 1082 612 1188 664; x_wconf 84' lang='lat' dir='ltr'><strong>loetebat</strong></span> <span class='ocrx_word' id='word_1_35' title='bbox 1207 615 1232 662; x_wconf 90' lang='lat' dir='ltr'><strong>iu</strong></span> 
     </span>
     <span class='ocr_line' id='line_1_5' title="bbox 153 683 1232 745; baseline 0.002 -16"><span class='ocrx_word' id='word_1_36' title='bbox 153 683 208 731; x_wconf 91' lang='lat' dir='ltr'><strong>bis:</strong></span> <span class='ocrx_word' id='word_1_37' title='bbox 220 685 241 731; x_wconf 93' lang='lat' dir='ltr'><strong>si</strong></span> <span class='ocrx_word' id='word_1_38' title='bbox 256 686 281 732; x_wconf 89' lang='lat' dir='ltr'><strong>te</strong></span> <span class='ocrx_word' id='word_1_39' title='bbox 297 685 415 732; x_wconf 84' lang='lat' dir='ltr'>detuleris</span> <span class='ocrx_word' id='word_1_40' title='bbox 426 685 495 744; x_wconf 89' lang='lat' dir='ltr'><strong>ipse,</strong></span> <span class='ocrx_word' id='word_1_41' title='bbox 513 686 560 734; x_wconf 87' lang='lat' dir='ltr'><strong>etsi</strong></span> <span class='ocrx_word' id='word_1_42' title='bbox 570 687 681 733; x_wconf 90' lang='lat' dir='ltr'><strong>mortuus</strong></span> <span class='ocrx_word' id='word_1_43' title='bbox 704 686 799 733; x_wconf 82' lang='lat' dir='ltr'><strong>turnulo</strong></span> <span class='ocrx_word' id='word_1_44' title='bbox 815 697 871 732; x_wconf 87' lang='lat' dir='ltr'><strong>caro</strong></span> <span class='ocrx_word' id='word_1_45' title='bbox 892 698 898 730; x_wconf 89' lang='lat'><strong>:</strong></span> <span class='ocrx_word' id='word_1_46' title='bbox 915 685 984 745; x_wconf 79' lang='lat' dir='ltr'><strong>cujus</strong></span> <span class='ocrx_word' id='word_1_47' title='bbox 1000 685 1083 733; x_wconf 92' lang='lat' dir='ltr'><strong>autem</strong></span> <span class='ocrx_word' id='word_1_48' title='bbox 1107 697 1166 732; x_wconf 89' lang='lat' dir='ltr'><strong>caro</strong></span> <span class='ocrx_word' id='word_1_49' title='bbox 1183 695 1232 731; x_wconf 90' lang='lat' dir='ltr'><strong>non</strong></span> 
     </span>
     <span class='ocr_line' id='line_1_6' title="bbox 152 751 1232 814; baseline 0.002 -16"><span class='ocrx_word' id='word_1_50' title='bbox 152 751 392 811; x_wconf 78' lang='lat' dir='ltr'><strong>lueris‚revivisces.</strong></span> <span class='ocrx_word' id='word_1_51' title='bbox 704 754 767 803; x_wconf 89' lang='lat' dir='ltr'><strong>vidit</strong></span> <span class='ocrx_word' id='word_1_52' title='bbox 775 753 1051 814; x_wconf 89' lang='lat' dir='ltr'><strong>corruptionem,triduo</strong></span> <span class='ocrx_word' id='word_1_53' title='bbox 1060 753 1107 801; x_wconf 85' lang='lat' dir='ltr'><strong>luit</strong></span> <span class='ocrx_word' id='word_1_54' title='bbox 1114 752 1143 800; x_wconf 92' lang='lat' dir='ltr'><strong>in</strong></span> <span class='ocrx_word' id='word_1_55' title='bbox 1151 753 1232 813; x_wconf 88' lang='lat' dir='ltr'><strong>sepul·</strong></span> 
     </span>
    </p>

    <p class='ocr_par' dir='ltr' id='par_1_3' title="bbox 184 820 1234 882">
     <span class='ocr_line' id='line_1_7' title="bbox 184 820 1234 882; baseline 0.002 -16"><span class='ocrx_word' id='word_1_56' title='bbox 184 820 224 868; x_wconf 80' lang='lat' dir='ltr'><strong>oo.</strong></span> <span class='ocrx_word' id='word_1_57' title='bbox 242 822 333 869; x_wconf 84' lang='lat' dir='ltr'><strong>Veniet</strong></span> <span class='ocrx_word' id='word_1_58' title='bbox 351 820 382 868; x_wconf 92' lang='lat' dir='ltr'><strong>ad</strong></span> <span class='ocrx_word' id='word_1_59' title='bbox 404 826 592 872; x_wconf 91' lang='lat' dir='ltr'><strong>monumentum</strong></span> <span class='ocrx_word' id='word_1_60' title='bbox 610 823 680 870; x_wconf 89' lang='lat' dir='ltr'><strong>tuum</strong></span> <span class='ocrx_word' id='word_1_61' title='bbox 704 836 757 881; x_wconf 82' lang='lat' dir='ltr'><strong>cro;</strong></span> <span class='ocrx_word' id='word_1_62' title='bbox 770 823 995 872; x_wconf 88' lang='lat' dir='ltr'><strong>carnisenimvitia</strong></span> <span class='ocrx_word' id='word_1_63' title='bbox 1007 820 1127 882; x_wconf 82' lang='lat' dir='ltr'><strong>nescivit,</strong></span> <span class='ocrx_word' id='word_1_64' title='bbox 1138 830 1234 882; x_wconf 79' lang='lat' dir='ltr'><strong>quaecx</strong></span> 
     </span>
    </p>
   </div>
   <div class='ocr_carea' id='block_1_3' title="bbox 71 876 1235 953">
    <p class='ocr_par' dir='ltr' id='par_1_4' title="bbox 71 876 1235 953">
     <span class='ocr_line' id='line_1_8' title="bbox 71 876 1235 953; baseline 0.001 -18"><span class='ocrx_word' id='word_1_65' title='bbox 71 876 73 881; x_wconf 64' lang='grc'><strong>’</strong></span> <span class='ocrx_word' id='word_1_66' title='bbox 153 889 275 953; x_wconf 78' lang='lat' dir='ltr'><strong>Christus,</strong></span> <span class='ocrx_word' id='word_1_67' title='bbox 287 892 313 938; x_wconf 88' lang='lat' dir='ltr'><strong>et</strong></span> <span class='ocrx_word' id='word_1_68' title='bbox 326 891 347 939; x_wconf 89' lang='lat' dir='ltr'><strong>si</strong></span> <span class='ocrx_word' id='word_1_69' title='bbox 357 891 448 939; x_wconf 89' lang='lat' dir='ltr'><strong>viderit</strong></span> <span class='ocrx_word' id='word_1_70' title='bbox 458 892 517 940; x_wconf 86' lang='lat' dir='ltr'><strong>nero</strong></span> <span class='ocrx_word' id='word_1_71' title='bbox 529 894 607 952; x_wconf 88' lang='lat' dir='ltr'><strong>prote</strong></span> <span class='ocrx_word' id='word_1_72' title='bbox 619 894 681 939; x_wconf 88' lang='lat' dir='ltr'><strong>llar-</strong></span> <span class='ocrx_word' id='word_1_73' title='bbox 704 894 808 952; x_wconf 80' lang='lat' dir='ltr'><strong>quatuor</strong></span> <span class='ocrx_word' id='word_1_74' title='bbox 823 892 915 940; x_wconf 91' lang='lat' dir='ltr'><strong>constat</strong></span> <span class='ocrx_word' id='word_1_75' title='bbox 929 892 1109 940; x_wconf 90' lang='lat' dir='ltr'><strong>elementorum</strong></span> <span class='ocrx_word' id='word_1_76' title='bbox 1120 888 1235 937; x_wconf 63' lang='lat' dir='ltr'><strong>sumus</strong></span> 
     </span>
    </p>
   </div>
   <div class='ocr_carea' id='block_1_4' title="bbox 95 951 1239 4102">
    <p class='ocr_par' dir='ltr' id='par_1_5' title="bbox 95 951 1239 4102">
     <span class='ocr_line' id='line_1_9' title="bbox 154 951 1239 1025; baseline 0 -20"><span class='ocrx_word' id='word_1_77' title='bbox 154 951 222 1023; x_wconf 76' lang='lat' dir='ltr'><strong>ibam</strong></span> <span class='ocrx_word' id='word_1_78' title='bbox 242 959 301 1006; x_wconf 91' lang='lat' dir='ltr'><strong>boni</strong></span> <span class='ocrx_word' id='word_1_79' title='bbox 322 959 439 1006; x_wconf 80' lang='lat' dir='ltr'><strong>feminam</strong></span> <span class='ocrx_word' id='word_1_80' title='bbox 458 960 605 1019; x_wconf 89' lang='lat' dir='ltr'><strong>ministerii,</strong></span> <span class='ocrx_word' id='word_1_81' title='bbox 620 961 680 1007; x_wconf 84' lang='lat' dir='ltr'><strong>llere</strong></span> <span class='ocrx_word' id='word_1_82' title='bbox 706 961 998 1023; x_wconf 68' lang='lat' dir='ltr'><strong>trisooantusnnctergo</strong></span> <span class='ocrx_word' id='word_1_83' title='bbox 1010 956 1239 1025; x_wconf 77' lang='lat' dir='ltr'><strong>mortuiloetorsit,</strong></span> 
     </span>
     <span class='ocr_line' id='line_1_10' title="bbox 153 1027 1235 1090; baseline 0.002 -18"><span class='ocrx_word' id='word_1_84' title='bbox 153 1027 252 1073; x_wconf 83' lang='lat' dir='ltr'><strong>Mariam</strong></span> <span class='ocrx_word' id='word_1_85' title='bbox 269 1042 323 1087; x_wconf 76' lang='lat' dir='ltr'><strong>qua</strong></span> <span class='ocrx_word' id='word_1_86' title='bbox 339 1028 436 1076; x_wconf 85' lang='lat' dir='ltr'><strong>adtente</strong></span> <span class='ocrx_word' id='word_1_87' title='bbox 452 1029 568 1077; x_wconf 82' lang='lat' dir='ltr'><strong>audiebat</strong></span> <span class='ocrx_word' id='word_1_88' title='bbox 578 1030 681 1077; x_wconf 90' lang='lat' dir='ltr'><strong>verbum</strong></span> <span class='ocrx_word' id='word_1_89' title='bbox 705 1031 817 1078; x_wconf 81' lang='lat' dir='ltr'>aboletur</span> <span class='ocrx_word' id='word_1_90' title='bbox 830 1031 925 1090; x_wconf 89' lang='lat' dir='ltr'><strong>omnis,</strong></span> <span class='ocrx_word' id='word_1_91' title='bbox 940 1031 983 1077; x_wconf 94' lang='lat' dir='ltr'><strong>ubi</strong></span> <span class='ocrx_word' id='word_1_92' title='bbox 994 1041 1090 1078; x_wconf 88' lang='lat' dir='ltr'><strong>sacrum</strong></span> <span class='ocrx_word' id='word_1_93' title='bbox 1104 1027 1235 1076; x_wconf 87' lang='lat' dir='ltr'><strong>redoleve-</strong></span> 
     </span>
     <span class='ocr_line' id='line_1_11' title="bbox 155 1093 1235 1158; baseline 0.001 -18"><span class='ocrx_word' id='word_1_94' title='bbox 155 1095 286 1154; x_wconf 88' lang='lat' dir='ltr'><strong>Doi,sicut</strong></span> <span class='ocrx_word' id='word_1_95' title='bbox 296 1098 378 1144; x_wconf 88' lang='lat' dir='ltr'><strong>sancta</strong></span> <span class='ocrx_word' id='word_1_96' title='bbox 384 1097 490 1143; x_wconf 89' lang='lat' dir='ltr'><strong>Ecclesia</strong></span> <span class='ocrx_word' id='word_1_97' title='bbox 498 1111 553 1157; x_wconf 73' lang='lat' dir='ltr'><strong>quae</strong></span> <span class='ocrx_word' id='word_1_98' title='bbox 564 1099 681 1158; x_wconf 80' lang='lat' dir='ltr'>optimam</span> <span class='ocrx_word' id='word_1_99' title='bbox 705 1099 737 1145; x_wconf 91' lang='lat' dir='ltr'><strong>rit</strong></span> <span class='ocrx_word' id='word_1_100' title='bbox 749 1099 902 1157; x_wconf 72' lang='lat' dir='ltr'><strong>unguentum</strong></span> <span class='ocrx_word' id='word_1_101' title='bbox 915 1111 922 1144; x_wconf 78' lang='lat' dir='ltr'><strong>a</strong></span> <span class='ocrx_word' id='word_1_102' title='bbox 937 1099 963 1146; x_wconf 92' lang='lat' dir='ltr'><strong>et</strong></span> <span class='ocrx_word' id='word_1_103' title='bbox 973 1096 1080 1155; x_wconf 77' lang='lat' dir='ltr'><strong>resurgit</strong></span> <span class='ocrx_word' id='word_1_104' title='bbox 1092 1093 1235 1151; x_wconf 75' lang='lat' dir='ltr'><strong>defunctus,</strong></span> 
     </span>
     <span class='ocr_line' id='line_1_12' title="bbox 154 1161 1236 1226; baseline 0.002 -20"><span class='ocrx_word' id='word_1_105' title='bbox 154 1163 249 1221; x_wconf 87' lang='lat' dir='ltr'><strong>partem</strong></span> <span class='ocrx_word' id='word_1_106' title='bbox 265 1163 312 1210; x_wconf 92' lang='lat' dir='ltr'><strong>sibi</strong></span> <span class='ocrx_word' id='word_1_107' title='bbox 332 1164 418 1223; x_wconf 81' lang='lat' dir='ltr'><strong>elegit3</strong></span> <span class='ocrx_word' id='word_1_108' title='bbox 435 1166 574 1213; x_wconf 81' lang='lat' dir='ltr'><strong>movebitur</strong></span> <span class='ocrx_word' id='word_1_109' title='bbox 585 1166 681 1212; x_wconf 91' lang='lat' dir='ltr'><strong>miseri·</strong></span> <span class='ocrx_word' id='word_1_110' title='bbox 706 1161 1236 1226; x_wconf 85' lang='lat' dir='ltr'><strong>etsolvijubenturejusvincula,quiadbuc</strong></span> 
     </span>
     <span class='ocr_line' id='line_1_13' title="bbox 154 1229 1236 1295; baseline -0.001 -19"><span class='ocrx_word' id='word_1_111' title='bbox 154 1230 252 1289; x_wconf 88' lang='lat' dir='ltr'><strong>cordia,</strong></span> <span class='ocrx_word' id='word_1_112' title='bbox 264 1244 319 1278; x_wconf 89' lang='lat' dir='ltr'><strong>cum</strong></span> <span class='ocrx_word' id='word_1_113' title='bbox 332 1232 423 1279; x_wconf 88' lang='lat' dir='ltr'><strong>viderit</strong></span> <span class='ocrx_word' id='word_1_114' title='bbox 434 1233 510 1279; x_wconf 89' lang='lat' dir='ltr'><strong>intuo</strong></span> <span class='ocrx_word' id='word_1_115' title='bbox 522 1232 591 1278; x_wconf 89' lang='lat' dir='ltr'><strong>obitu</strong></span> <span class='ocrx_word' id='word_1_116' title='bbox 602 1233 681 1293; x_wconf 88' lang='lat' dir='ltr'><strong>lacry-</strong></span> <span class='ocrx_word' id='word_1_117' title='bbox 705 1236 731 1282; x_wconf 95' lang='lat' dir='ltr'><strong>in</strong></span> <span class='ocrx_word' id='word_1_118' title='bbox 740 1237 841 1295; x_wconf 88' lang='lat' dir='ltr'><strong>peccato</strong></span> <span class='ocrx_word' id='word_1_119' title='bbox 849 1235 898 1282; x_wconf 89' lang='lat' dir='ltr'><strong>est:</strong></span> <span class='ocrx_word' id='word_1_120' title='bbox 908 1235 1003 1282; x_wconf 92' lang='lat' dir='ltr'><strong>tollitur</strong></span> <span class='ocrx_word' id='word_1_121' title='bbox 1010 1232 1124 1281; x_wconf 87' lang='lat' dir='ltr'><strong>velamen</strong></span> <span class='ocrx_word' id='word_1_122' title='bbox 1132 1231 1164 1277; x_wconf 91' lang='lat' dir='ltr'><strong>de</strong></span> <span class='ocrx_word' id='word_1_123' title='bbox 1172 1229 1236 1277; x_wconf 83' lang='lat' dir='ltr'><strong>lacis</strong></span> 
     </span>
     <span class='ocr_line' id='line_1_14' title="bbox 155 1301 1237 1364; baseline 0.006 -20"><span class='ocrx_word' id='word_1_124' title='bbox 155 1311 206 1346; x_wconf 82' lang='lat' dir='ltr'><strong>inas</strong></span> <span class='ocrx_word' id='word_1_125' title='bbox 217 1301 387 1360; x_wconf 89' lang='lat' dir='ltr'><strong>plurimorum,</strong></span> <span class='ocrx_word' id='word_1_126' title='bbox 398 1302 423 1348; x_wconf 90' lang='lat' dir='ltr'><strong>et</strong></span> <span class='ocrx_word' id='word_1_127' title='bbox 432 1302 513 1349; x_wconf 88' lang='lat' dir='ltr'><strong>dicet:</strong></span> <span class='ocrx_word' id='word_1_128' title='bbox 524 1301 567 1349; x_wconf 83' lang='lat' dir='ltr'><strong>Ubi</strong></span> <span class='ocrx_word' id='word_1_129' title='bbox 574 1304 681 1361; x_wconf 71' lang='lat' dir='ltr'><strong>porcius</strong></span> <span class='ocrx_word' id='word_1_130' title='bbox 706 1305 768 1362; x_wconf 81' lang='lat' dir='ltr'><strong>ejus,</strong></span> <span class='ocrx_word' id='word_1_131' title='bbox 776 1304 841 1364; x_wconf 89' lang='lat' dir='ltr'><strong>quod</strong></span> <span class='ocrx_word' id='word_1_132' title='bbox 851 1304 980 1351; x_wconf 89' lang='lat' dir='ltr'><strong>veritatem</strong></span> <span class='ocrx_word' id='word_1_133' title='bbox 989 1302 1072 1362; x_wconf 74' lang='lat' dir='ltr'><strong>gratiae</strong></span> <span class='ocrx_word' id='word_1_134' title='bbox 1083 1312 1159 1360; x_wconf 89' lang='lat' dir='ltr'><strong>quam</strong></span> <span class='ocrx_word' id='word_1_135' title='bbox 1167 1312 1237 1350; x_wconf 80' lang='lat' dir='ltr'><strong>acce·</strong></span> 
     </span>
     <span class='ocr_line' id='line_1_15' title="bbox 154 1365 1236 1432; baseline -0.001 -17"><span class='ocrx_word' id='word_1_136' title='bbox 154 1369 223 1416; x_wconf 74' lang='lat' dir='ltr'><strong>mom?</strong></span> <span class='ocrx_word' id='word_1_137' title='bbox 233 1369 279 1416; x_wconf 91' lang='lat' dir='ltr'><strong>boc</strong></span> <span class='ocrx_word' id='word_1_138' title='bbox 288 1371 338 1429; x_wconf 90' lang='lat' dir='ltr'><strong>est,</strong></span> <span class='ocrx_word' id='word_1_139' title='bbox 351 1371 435 1431; x_wconf 86' lang='lat' dir='ltr'><strong>inquo</strong></span> <span class='ocrx_word' id='word_1_140' title='bbox 447 1383 544 1417; x_wconf 88' lang='lat' dir='ltr'><strong>reorum</strong></span> <span class='ocrx_word' id='word_1_141' title='bbox 556 1371 620 1417; x_wconf 85' lang='lat' dir='ltr'><strong>statu</strong></span> <span class='ocrx_word' id='word_1_142' title='bbox 629 1371 680 1430; x_wconf 87' lang='lat' dir='ltr'><strong>est,</strong></span> <span class='ocrx_word' id='word_1_143' title='bbox 705 1374 789 1432; x_wconf 89' lang='lat' dir='ltr'><strong>perat,</strong></span> <span class='ocrx_word' id='word_1_144' title='bbox 799 1373 968 1420; x_wconf 87' lang='lat' dir='ltr'><strong>obumbrabat.</strong></span> <span class='ocrx_word' id='word_1_145' title='bbox 980 1371 1027 1418; x_wconf 88' lang='lat' dir='ltr'><strong>Sed</strong></span> <span class='ocrx_word' id='word_1_146' title='bbox 1038 1370 1098 1431; x_wconf 80' lang='lat' dir='ltr'><strong>quia</strong></span> <span class='ocrx_word' id='word_1_147' title='bbox 1109 1367 1184 1416; x_wconf 88' lang='lat' dir='ltr'><strong>venia</strong></span> <span class='ocrx_word' id='word_1_148' title='bbox 1192 1365 1236 1415; x_wconf 88' lang='lat' dir='ltr'><strong>do-</strong></span> 
     </span>
     <span class='ocr_line' id='line_1_16' title="bbox 154 1436 1235 1498; baseline 0 -16"><span class='ocrx_word' id='word_1_149' title='bbox 154 1437 244 1497; x_wconf 77' lang='lat' dir='ltr'><strong>inquio</strong></span> <span class='ocrx_word' id='word_1_150' title='bbox 265 1439 438 1498; x_wconf 77' lang='lat' dir='ltr'><strong>penitentium</strong></span> <span class='ocrx_word' id='word_1_151' title='bbox 460 1437 563 1485; x_wconf 78' lang='lat' dir='ltr'><strong>ordinet</strong></span> <span class='ocrx_word' id='word_1_152' title='bbox 580 1438 682 1484; x_wconf 88' lang='lat' dir='ltr'><strong>Videam</strong></span> <span class='ocrx_word' id='word_1_153' title='bbox 706 1441 779 1487; x_wconf 91' lang='lat' dir='ltr'><strong>natus</strong></span> <span class='ocrx_word' id='word_1_154' title='bbox 799 1441 851 1497; x_wconf 91' lang='lat' dir='ltr'><strong>est,</strong></span> <span class='ocrx_word' id='word_1_155' title='bbox 871 1440 983 1486; x_wconf 91' lang='lat' dir='ltr'><strong>revelare</strong></span> <span class='ocrx_word' id='word_1_156' title='bbox 1010 1437 1114 1496; x_wconf 79' lang='lat' dir='ltr'><strong>faciem,</strong></span> <span class='ocrx_word' id='word_1_157' title='bbox 1138 1436 1235 1496; x_wconf 87' lang='lat' dir='ltr'><strong>aperire</strong></span> 
     </span>
     <span class='ocr_line' id='line_1_17' title="bbox 154 1503 1234 1567; baseline -0.001 -14"><span class='ocrx_word' id='word_1_158' title='bbox 154 1518 228 1565; x_wconf 82' lang='lat' dir='ltr'><strong>quem</strong></span> <span class='ocrx_word' id='word_1_159' title='bbox 242 1507 319 1566; x_wconf 83' lang='lat' dir='ltr'><strong>fletis3</strong></span> <span class='ocrx_word' id='word_1_160' title='bbox 334 1509 364 1554; x_wconf 94' lang='lat' dir='ltr'><strong>ut</strong></span> <span class='ocrx_word' id='word_1_161' title='bbox 377 1507 493 1566; x_wconf 87' lang='lat' dir='ltr'><strong>lacrymis</strong></span> <span class='ocrx_word' id='word_1_162' title='bbox 510 1507 561 1554; x_wconf 91' lang='lat' dir='ltr'><strong>suis</strong></span> <span class='ocrx_word' id='word_1_163' title='bbox 577 1506 631 1567; x_wconf 93' lang='lat' dir='ltr'><strong>ipse</strong></span> <span class='ocrx_word' id='word_1_164' title='bbox 641 1519 681 1553; x_wconf 87' lang='lat' dir='ltr'><strong>me</strong></span> <span class='ocrx_word' id='word_1_165' title='bbox 706 1509 802 1556; x_wconf 90' lang='lat' dir='ltr'><strong>vultum</strong></span> <span class='ocrx_word' id='word_1_166' title='bbox 813 1509 915 1566; x_wconf 82' lang='lat' dir='ltr'><strong>jubetur</strong></span> <span class='ocrx_word' id='word_1_167' title='bbox 925 1522 931 1555; x_wconf 78' lang='lat' dir='ltr'><strong>r</strong></span> <span class='ocrx_word' id='word_1_168' title='bbox 943 1509 995 1554; x_wconf 86' lang='lat' dir='ltr'><strong>Non</strong></span> <span class='ocrx_word' id='word_1_169' title='bbox 1005 1507 1081 1554; x_wconf 89' lang='lat' dir='ltr'><strong>babet</strong></span> <span class='ocrx_word' id='word_1_170' title='bbox 1090 1507 1159 1553; x_wconf 90' lang='lat' dir='ltr'><strong>enim</strong></span> <span class='ocrx_word' id='word_1_171' title='bbox 1170 1503 1234 1565; x_wconf 84' lang='lat' dir='ltr'><strong>quod</strong></span> 
     </span>
     <span class='ocr_line' id='line_1_18' title="bbox 155 1573 1235 1636; baseline -0.001 -16"><span class='ocrx_word' id='word_1_172' title='bbox 155 1574 372 1622; x_wconf 80' lang='lat' dir='ltr'><strong>moveutlvideam</strong></span> <span class='ocrx_word' id='word_1_173' title='bbox 380 1575 401 1623; x_wconf 89' lang='lat' dir='ltr'><strong>si</strong></span> <span class='ocrx_word' id='word_1_174' title='bbox 410 1575 461 1633; x_wconf 86' lang='lat' dir='ltr'><strong>jam</strong></span> <span class='ocrx_word' id='word_1_175' title='bbox 472 1575 572 1634; x_wconf 88' lang='lat' dir='ltr'><strong>peccato</strong></span> <span class='ocrx_word' id='word_1_176' title='bbox 580 1575 604 1622; x_wconf 92' lang='lat' dir='ltr'><strong>ci</strong></span> <span class='ocrx_word' id='word_1_177' title='bbox 612 1575 682 1631; x_wconf 80' lang='lat' dir='ltr'><strong>cujus</strong></span> <span class='ocrx_word' id='word_1_178' title='bbox 707 1577 846 1633; x_wconf 91' lang='lat' dir='ltr'><strong>erubescat,</strong></span> <span class='ocrx_word' id='word_1_179' title='bbox 858 1575 899 1623; x_wconf 92' lang='lat' dir='ltr'><strong>cui</strong></span> <span class='ocrx_word' id='word_1_180' title='bbox 912 1578 1039 1636; x_wconf 89' lang='lat' dir='ltr'><strong>peccatum</strong></span> <span class='ocrx_word' id='word_1_181' title='bbox 1047 1573 1179 1621; x_wconf 87' lang='lat' dir='ltr'><strong>remissum</strong></span> <span class='ocrx_word' id='word_1_182' title='bbox 1189 1573 1235 1620; x_wconf 85' lang='lat' dir='ltr'><strong>est.</strong></span> 
     </span>
     <span class='ocr_line' id='line_1_19' title="bbox 156 1641 1236 1703; baseline -0.003 -12"><span class='ocrx_word' id='word_1_183' title='bbox 156 1643 228 1691; x_wconf 89' lang='lat' dir='ltr'><strong>venia</strong></span> <span class='ocrx_word' id='word_1_184' title='bbox 238 1644 360 1703; x_wconf 90' lang='lat' dir='ltr'><strong>poscitur,</strong></span> <span class='ocrx_word' id='word_1_185' title='bbox 372 1642 501 1691; x_wconf 83' lang='lat' dir='ltr'><strong>defunctus</strong></span> <span class='ocrx_word' id='word_1_186' title='bbox 509 1642 564 1691; x_wconf 74' lang='lat' dir='ltr'><strong>est?</strong></span> <span class='ocrx_word' id='word_1_187' title='bbox 736 1646 775 1693; x_wconf 78' lang='lat'><strong>59.</strong></span> <span class='ocrx_word' id='word_1_188' title='bbox 784 1647 812 1691; x_wconf 93' lang='lat' dir='ltr'><strong>ln</strong></span> <span class='ocrx_word' id='word_1_189' title='bbox 822 1646 889 1692; x_wconf 89' lang='lat' dir='ltr'><strong>tanta</strong></span> <span class='ocrx_word' id='word_1_190' title='bbox 900 1658 959 1693; x_wconf 89' lang='lat' dir='ltr'><strong>vero</strong></span> <span class='ocrx_word' id='word_1_191' title='bbox 969 1642 1067 1690; x_wconf 86' lang='lat' dir='ltr'><strong>Domini</strong></span> <span class='ocrx_word' id='word_1_192' title='bbox 1078 1641 1170 1701; x_wconf 85' lang='lat' dir='ltr'><strong>gralia,</strong></span> <span class='ocrx_word' id='word_1_193' title='bbox 1180 1641 1236 1688; x_wconf 87' lang='lat' dir='ltr'><strong>tan·</strong></span> 
     </span>
     <span class='ocr_line' id='line_1_20' title="bbox 186 1711 1235 1772; baseline -0.003 -14"><span class='ocrx_word' id='word_1_194' title='bbox 186 1712 224 1759; x_wconf 75' lang='lat' dir='ltr'><strong>lib.</strong></span> <span class='ocrx_word' id='word_1_195' title='bbox 233 1713 304 1760; x_wconf 92' lang='lat' dir='ltr'><strong>Dicet</strong></span> <span class='ocrx_word' id='word_1_196' title='bbox 312 1713 335 1759; x_wconf 92' lang='lat' dir='ltr'><strong>ei</strong></span> <span class='ocrx_word' id='word_1_197' title='bbox 346 1712 416 1772; x_wconf 83' lang='lat' dir='ltr'><strong>plebs</strong></span> <span class='ocrx_word' id='word_1_198' title='bbox 429 1714 513 1770; x_wconf 80' lang='lat' dir='ltr'><strong>:Veni‚</strong></span> <span class='ocrx_word' id='word_1_199' title='bbox 524 1715 546 1760; x_wconf 89' lang='lat' dir='ltr'><strong>el</strong></span> <span class='ocrx_word' id='word_1_200' title='bbox 555 1712 683 1770; x_wconf 74' lang='lat' dir='ltr'><strong>oilie-Quid</strong></span> <span class='ocrx_word' id='word_1_201' title='bbox 706 1712 779 1771; x_wconf 88' lang='lat' dir='ltr'><strong>toque</strong></span> <span class='ocrx_word' id='word_1_202' title='bbox 798 1713 877 1761; x_wconf 89' lang='lat' dir='ltr'><strong>divini</strong></span> <span class='ocrx_word' id='word_1_203' title='bbox 897 1711 1007 1760; x_wconf 90' lang='lat' dir='ltr'><strong>muneris</strong></span> <span class='ocrx_word' id='word_1_204' title='bbox 1024 1711 1159 1769; x_wconf 88' lang='lat' dir='ltr'><strong>miraculo,</strong></span> <span class='ocrx_word' id='word_1_205' title='bbox 1179 1721 1235 1756; x_wconf 86' lang='lat' dir='ltr'><strong>cunr</strong></span> 
     </span>
     <span class='ocr_line' id='line_1_21' title="bbox 156 1778 1236 1842; baseline -0.003 -15"><span class='ocrx_word' id='word_1_206' title='bbox 156 1780 207 1839; x_wconf 91' lang='lat' dir='ltr'><strong>est,</strong></span> <span class='ocrx_word' id='word_1_207' title='bbox 217 1781 284 1830; x_wconf 76' lang='lat' dir='ltr'><strong>oeni?</strong></span> <span class='ocrx_word' id='word_1_208' title='bbox 294 1783 346 1829; x_wconf 84' lang='lat' dir='ltr'><strong>Hoc</strong></span> <span class='ocrx_word' id='word_1_209' title='bbox 364 1783 414 1842; x_wconf 90' lang='lat' dir='ltr'><strong>est,</strong></span> <span class='ocrx_word' id='word_1_210' title='bbox 430 1781 514 1830; x_wconf 87' lang='lat' dir='ltr'><strong>veniat</strong></span> <span class='ocrx_word' id='word_1_211' title='bbox 525 1782 682 1841; x_wconf 89' lang='lat' dir='ltr'><strong>peccatorum</strong></span> <span class='ocrx_word' id='word_1_212' title='bbox 706 1783 829 1840; x_wconf 85' lang='lat' dir='ltr'><strong>oporteret</strong></span> <span class='ocrx_word' id='word_1_213' title='bbox 846 1781 972 1831; x_wconf 86' lang='lat' dir='ltr'><strong>universos</strong></span> <span class='ocrx_word' id='word_1_214' title='bbox 990 1778 1082 1838; x_wconf 81' lang='lat' dir='ltr'><strong>laetari,</strong></span> <span class='ocrx_word' id='word_1_215' title='bbox 1095 1790 1236 1826; x_wconf 90' lang='lat' dir='ltr'><strong>commove-</strong></span> 
     </span>
     <span class='ocr_line' id='line_1_22' title="bbox 156 1846 1235 1910; baseline -0.002 -14"><span class='ocrx_word' id='word_1_216' title='bbox 156 1849 281 1910; x_wconf 89' lang='lat' dir='ltr'><strong>remissio,</strong></span> <span class='ocrx_word' id='word_1_217' title='bbox 306 1850 392 1898; x_wconf 84' lang='lat' dir='ltr'><strong>veniat</strong></span> <span class='ocrx_word' id='word_1_218' title='bbox 420 1849 590 1897; x_wconf 85' lang='lat' dir='ltr'><strong>defunctorum</strong></span> <span class='ocrx_word' id='word_1_219' title='bbox 618 1850 682 1909; x_wconf 91' lang='lat' dir='ltr'><strong>vita,</strong></span> <span class='ocrx_word' id='word_1_220' title='bbox 707 1848 796 1896; x_wconf 89' lang='lat' dir='ltr'><strong>bantur</strong></span> <span class='ocrx_word' id='word_1_221' title='bbox 816 1849 902 1910; x_wconf 91' lang='lat' dir='ltr'><strong>impii,</strong></span> <span class='ocrx_word' id='word_1_222' title='bbox 924 1851 950 1897; x_wconf 88' lang='lat' dir='ltr'><strong>et</strong></span> <span class='ocrx_word' id='word_1_223' title='bbox 972 1849 1088 1896; x_wconf 86' lang='lat' dir='ltr'><strong>adversus</strong></span> <span class='ocrx_word' id='word_1_224' title='bbox 1110 1846 1235 1894; x_wconf 85' lang='lat' dir='ltr'><strong>Christum</strong></span> 
     </span>
     <span class='ocr_line' id='line_1_23' title="bbox 157 1917 1236 1980; baseline -0.002 -16"><span class='ocrx_word' id='word_1_225' title='bbox 157 1920 306 1965; x_wconf 89' lang='lat' dir='ltr'><strong>mortuorum</strong></span> <span class='ocrx_word' id='word_1_226' title='bbox 326 1919 488 1978; x_wconf 86' lang='lat' dir='ltr'><strong>resurreetio,</strong></span> <span class='ocrx_word' id='word_1_227' title='bbox 508 1919 592 1966; x_wconf 77' lang='lat' dir='ltr'><strong>veniat</strong></span> <span class='ocrx_word' id='word_1_228' title='bbox 609 1919 636 1966; x_wconf 90' lang='lat' dir='ltr'><strong>et</strong></span> <span class='ocrx_word' id='word_1_229' title='bbox 656 1918 682 1964; x_wconf 91' lang='lat' dir='ltr'><strong>in</strong></span> <span class='ocrx_word' id='word_1_230' title='bbox 707 1917 1236 1980; x_wconf 74' lang='lat' dir='ltr'><strong>conciliumcongregabantrhazarumquo-</strong></span> 
     </span>
     <span class='ocr_line' id='line_1_24' title="bbox 157 1982 1236 2047; baseline -0.001 -15"><span class='ocrx_word' id='word_1_231' title='bbox 157 1983 221 2033; x_wconf 88' lang='lat' dir='ltr'><strong>bunc</strong></span> <span class='ocrx_word' id='word_1_232' title='bbox 235 1989 386 2046; x_wconf 87' lang='lat' dir='ltr'><strong>peccatorem</strong></span> <span class='ocrx_word' id='word_1_233' title='bbox 397 2000 500 2047; x_wconf 85' lang='lat' dir='ltr'><strong>regnum</strong></span> <span class='ocrx_word' id='word_1_234' title='bbox 511 1989 591 2035; x_wconf 80' lang='lat' dir='ltr'><strong>tuum.</strong></span> <span class='ocrx_word' id='word_1_235' title='bbox 707 1999 754 2046; x_wconf 90' lang='lat' dir='ltr'><strong>que</strong></span> <span class='ocrx_word' id='word_1_236' title='bbox 765 1987 904 2035; x_wconf 83' lang='lat' dir='ltr'><strong>interlicere</strong></span> <span class='ocrx_word' id='word_1_237' title='bbox 918 1986 1041 2036; x_wconf 88' lang='lat' dir='ltr'><strong>volebant.</strong></span> <span class='ocrx_word' id='word_1_238' title='bbox 1051 1986 1136 2032; x_wconf 85' lang='lat' dir='ltr'><strong>Nonne</strong></span> <span class='ocrx_word' id='word_1_239' title='bbox 1147 1982 1236 2031; x_wconf 88' lang='lat' dir='ltr'><strong>merito</strong></span> 
     </span>
     <span class='ocr_line' id='line_1_25' title="bbox 95 2049 1235 2116; baseline -0.003 -14"><span class='ocrx_word' id='word_1_240' title='bbox 95 2049 100 2056; x_wconf 83' lang='lat'>&#39;</span> <span class='ocrx_word' id='word_1_241' title='bbox 187 2056 365 2115; x_wconf 60' lang='lat' dir='ltr'><strong>severitatet</strong></span> <span class='ocrx_word' id='word_1_242' title='bbox 374 2057 452 2104; x_wconf 88' lang='lat' dir='ltr'><strong>levari</strong></span> <span class='ocrx_word' id='word_1_243' title='bbox 463 2055 681 2116; x_wconf 84' lang='lat' dir='ltr'><strong>lapidemjubebit,</strong></span> <span class='ocrx_word' id='word_1_244' title='bbox 707 2066 791 2101; x_wconf 86' lang='lat' dir='ltr'><strong>eorum</strong></span> <span class='ocrx_word' id='word_1_245' title='bbox 803 2068 954 2104; x_wconf 89' lang='lat' dir='ltr'><strong>successores</strong></span> <span class='ocrx_word' id='word_1_246' title='bbox 964 2068 1008 2103; x_wconf 88' lang='lat' dir='ltr'><strong>vos</strong></span> <span class='ocrx_word' id='word_1_247' title='bbox 1019 2054 1070 2102; x_wconf 83' lang='lat' dir='ltr'><strong>lore</strong></span> <span class='ocrx_word' id='word_1_248' title='bbox 1079 2050 1235 2112; x_wconf 69' lang='lat' dir='ltr'><strong>cognoscitu,</strong></span> 
     </span>
     <span class='ocr_line' id='line_1_26' title="bbox 156 2121 1237 2183; baseline -0.004 -12"><span class='ocrx_word' id='word_1_249' title='bbox 156 2135 230 2182; x_wconf 85' lang='lat' dir='ltr'><strong>quem</strong></span> <span class='ocrx_word' id='word_1_250' title='bbox 247 2123 385 2171; x_wconf 87' lang='lat' dir='ltr'><strong>cervicibus</strong></span> <span class='ocrx_word' id='word_1_251' title='bbox 396 2124 531 2183; x_wconf 86' lang='lat' dir='ltr'><strong>peccatoris</strong></span> <span class='ocrx_word' id='word_1_252' title='bbox 543 2124 625 2182; x_wconf 90' lang='lat' dir='ltr'><strong>lapsus</strong></span> <span class='ocrx_word' id='word_1_253' title='bbox 635 2122 683 2168; x_wconf 91' lang='lat' dir='ltr'><strong>im·</strong></span> <span class='ocrx_word' id='word_1_254' title='bbox 707 2136 810 2181; x_wconf 90' lang='lat' dir='ltr'><strong>quorum</strong></span> <span class='ocrx_word' id='word_1_255' title='bbox 821 2124 918 2171; x_wconf 77' lang='lat' dir='ltr'><strong>duritias</strong></span> <span class='ocrx_word' id='word_1_256' title='bbox 932 2123 1042 2171; x_wconf 85' lang='lat' dir='ltr'><strong>baeredes</strong></span> <span class='ocrx_word' id='word_1_257' title='bbox 1052 2121 1127 2170; x_wconf 70' lang='lat' dir='ltr'><strong>estis?</strong></span> <span class='ocrx_word' id='word_1_258' title='bbox 1138 2122 1200 2167; x_wconf 86' lang='lat' dir='ltr'><strong>Nam</strong></span> <span class='ocrx_word' id='word_1_259' title='bbox 1211 2121 1237 2167; x_wconf 89' lang='lat' dir='ltr'><strong>et</strong></span> 
     </span>
     <span class='ocr_line' id='line_1_27' title="bbox 156 2189 1235 2256; baseline -0.005 -16"><span class='ocrx_word' id='word_1_260' title='bbox 156 2192 246 2251; x_wconf 84' lang='lat' dir='ltr'><strong>posuit.</strong></span> <span class='ocrx_word' id='word_1_261' title='bbox 258 2192 339 2241; x_wconf 88' lang='lat' dir='ltr'><strong>Potuit</strong></span> <span class='ocrx_word' id='word_1_262' title='bbox 349 2205 476 2256; x_wconf 66' lang='lat' dir='ltr'><strong>removere</strong></span> <span class='ocrx_word' id='word_1_263' title='bbox 486 2190 594 2251; x_wconf 82' lang='lat' dir='ltr'><strong>lapidem</strong></span> <span class='ocrx_word' id='word_1_264' title='bbox 605 2190 683 2248; x_wconf 91' lang='lat' dir='ltr'><strong>impo—</strong></span> <span class='ocrx_word' id='word_1_265' title='bbox 708 2203 750 2237; x_wconf 93' lang='lat' dir='ltr'><strong>vos</strong></span> <span class='ocrx_word' id='word_1_266' title='bbox 765 2191 942 2252; x_wconf 82' lang='lat' dir='ltr'><strong>indignamini,</strong></span> <span class='ocrx_word' id='word_1_267' title='bbox 959 2193 984 2240; x_wconf 93' lang='lat' dir='ltr'><strong>et</strong></span> <span class='ocrx_word' id='word_1_268' title='bbox 1003 2193 1086 2239; x_wconf 85' lang='lat' dir='ltr'><strong>contra</strong></span> <span class='ocrx_word' id='word_1_269' title='bbox 1100 2189 1235 2236; x_wconf 78' lang='lat' dir='ltr'><strong>Ecclesiam</strong></span> 
     </span>
     <span class='ocr_line' id='line_1_28' title="bbox 138 2257 1237 2320; baseline -0.004 -12"><span class='ocrx_word' id='word_1_270' title='bbox 138 2261 194 2308; x_wconf 86' lang='lat' dir='ltr'><strong>¹rio</strong></span> <span class='ocrx_word' id='word_1_271' title='bbox 215 2260 346 2320; x_wconf 62' lang='lat' dir='ltr'><strong>sermonis}</strong></span> <span class='ocrx_word' id='word_1_272' title='bbox 370 2261 467 2320; x_wconf 80' lang='lat' dir='ltr'><strong>jubenti</strong></span> <span class='ocrx_word' id='word_1_273' title='bbox 495 2260 562 2306; x_wconf 91' lang='lat' dir='ltr'><strong>enim</strong></span> <span class='ocrx_word' id='word_1_274' title='bbox 588 2259 682 2306; x_wconf 82' lang='lat' dir='ltr'><strong>Christo</strong></span> <span class='ocrx_word' id='word_1_275' title='bbox 708 2260 857 2318; x_wconf 79' lang='lat' dir='ltr'><strong>congregatis</strong></span> <span class='ocrx_word' id='word_1_276' title='bbox 886 2259 1030 2316; x_wconf 88' lang='lat' dir='ltr'><strong>concilium,</strong></span> <span class='ocrx_word' id='word_1_277' title='bbox 1055 2257 1115 2318; x_wconf 88' lang='lat' dir='ltr'><strong>quia</strong></span> <span class='ocrx_word' id='word_1_278' title='bbox 1145 2257 1237 2305; x_wconf 86' lang='lat' dir='ltr'><strong>videtis</strong></span> 
     </span>
     <span class='ocr_line' id='line_1_29' title="bbox 157 2327 1237 2386; baseline 0 -12"><span class='ocrx_word' id='word_1_279' title='bbox 157 2328 231 2375; x_wconf 87' lang='lat' dir='ltr'><strong>oliam</strong></span> <span class='ocrx_word' id='word_1_280' title='bbox 241 2328 389 2376; x_wconf 92' lang='lat' dir='ltr'><strong>insensibilis</strong></span> <span class='ocrx_word' id='word_1_281' title='bbox 399 2329 462 2375; x_wconf 87' lang='lat' dir='ltr'><strong>solet</strong></span> <span class='ocrx_word' id='word_1_282' title='bbox 470 2329 556 2373; x_wconf 88' lang='lat' dir='ltr'><strong>natura</strong></span> <span class='ocrx_word' id='word_1_283' title='bbox 564 2327 665 2374; x_wconf 88' lang='lat' dir='ltr'><strong>obedire</strong></span> <span class='ocrx_word' id='word_1_284' title='bbox 675 2340 681 2372; x_wconf 77' lang='grc' dir='ltr'><strong>ι</strong></span> <span class='ocrx_word' id='word_1_285' title='bbox 707 2329 814 2376; x_wconf 90' lang='lat' dir='ltr'><strong>mortuos</strong></span> <span class='ocrx_word' id='word_1_286' title='bbox 821 2329 847 2375; x_wconf 93' lang='lat' dir='ltr'><strong>in</strong></span> <span class='ocrx_word' id='word_1_287' title='bbox 855 2329 963 2376; x_wconf 82' lang='lat' dir='ltr'><strong>Ecclesia</strong></span> <span class='ocrx_word' id='word_1_288' title='bbox 973 2328 1135 2385; x_wconf 80' lang='lat' dir='ltr'><strong>reviviscere,</strong></span> <span class='ocrx_word' id='word_1_289' title='bbox 1145 2328 1170 2373; x_wconf 87' lang='lat' dir='ltr'><strong>et</strong></span> <span class='ocrx_word' id='word_1_290' title='bbox 1178 2339 1237 2386; x_wconf 90' lang='lat' dir='ltr'><strong>pec·</strong></span> 
     </span>
     <span class='ocr_line' id='line_1_30' title="bbox 156 2395 1237 2455; baseline -0.001 -13"><span class='ocrx_word' id='word_1_291' title='bbox 156 2397 252 2455; x_wconf 89' lang='lat' dir='ltr'><strong>poterat</strong></span> <span class='ocrx_word' id='word_1_292' title='bbox 272 2396 347 2443; x_wconf 87' lang='lat' dir='ltr'><strong>tacita</strong></span> <span class='ocrx_word' id='word_1_293' title='bbox 364 2396 391 2444; x_wconf 93' lang='lat' dir='ltr'><strong>vi</strong></span> <span class='ocrx_word' id='word_1_294' title='bbox 409 2395 557 2455; x_wconf 85' lang='lat' dir='ltr'><strong>operationis</strong></span> <span class='ocrx_word' id='word_1_295' title='bbox 581 2396 683 2443; x_wconf 85' lang='lat' dir='ltr'><strong>occultae</strong></span> <span class='ocrx_word' id='word_1_296' title='bbox 707 2396 816 2444; x_wconf 87' lang='lat' dir='ltr'><strong>catorum</strong></span> <span class='ocrx_word' id='word_1_297' title='bbox 834 2398 929 2446; x_wconf 90' lang='lat' dir='ltr'><strong>indulta</strong></span> <span class='ocrx_word' id='word_1_298' title='bbox 941 2397 1014 2446; x_wconf 89' lang='lat' dir='ltr'><strong>venia</strong></span> <span class='ocrx_word' id='word_1_299' title='bbox 1024 2395 1175 2444; x_wconf 86' lang='lat' dir='ltr'><strong>resuscitari.</strong></span> <span class='ocrx_word' id='word_1_300' title='bbox 1187 2395 1237 2442; x_wconf 87' lang='lat' dir='ltr'><strong>lta-</strong></span> 
     </span>
     <span class='ocr_line' id='line_1_31' title="bbox 157 2463 1235 2525; baseline 0.001 -15"><span class='ocrx_word' id='word_1_301' title='bbox 157 2463 289 2512; x_wconf 87' lang='lat' dir='ltr'><strong>translerre</strong></span> <span class='ocrx_word' id='word_1_302' title='bbox 311 2477 398 2512; x_wconf 80' lang='lat' dir='ltr'><strong>saxum</strong></span> <span class='ocrx_word' id='word_1_303' title='bbox 421 2463 542 2524; x_wconf 88' lang='lat' dir='ltr'><strong>sepulcri,</strong></span> <span class='ocrx_word' id='word_1_304' title='bbox 564 2464 591 2510; x_wconf 92' lang='lat' dir='ltr'><strong>in</strong></span> <span class='ocrx_word' id='word_1_305' title='bbox 614 2463 683 2522; x_wconf 88' lang='lat' dir='ltr'><strong>cujus</strong></span> <span class='ocrx_word' id='word_1_306' title='bbox 706 2477 755 2523; x_wconf 84' lang='lat' dir='ltr'><strong>que</strong></span> <span class='ocrx_word' id='word_1_307' title='bbox 770 2465 835 2525; x_wconf 83' lang='lat' dir='ltr'><strong>quod</strong></span> <span class='ocrx_word' id='word_1_308' title='bbox 854 2466 882 2513; x_wconf 90' lang='lat' dir='ltr'><strong>in</strong></span> <span class='ocrx_word' id='word_1_309' title='bbox 901 2466 970 2514; x_wconf 89' lang='lat' dir='ltr'><strong>vobis</strong></span> <span class='ocrx_word' id='word_1_310' title='bbox 986 2465 1037 2524; x_wconf 88' lang='lat' dir='ltr'><strong>est,</strong></span> <span class='ocrx_word' id='word_1_311' title='bbox 1053 2476 1098 2523; x_wconf 92' lang='lat' dir='ltr'><strong>per</strong></span> <span class='ocrx_word' id='word_1_312' title='bbox 1115 2463 1235 2512; x_wconf 83' lang='lat' dir='ltr'><strong>invidiam</strong></span> 
     </span>
     <span class='ocr_line' id='line_1_32' title="bbox 157 2532 1174 2592; baseline 0.004 -15"><span class='ocrx_word' id='word_1_313' title='bbox 157 2532 269 2592; x_wconf 89' lang='lat' dir='ltr'><strong>passione</strong></span> <span class='ocrx_word' id='word_1_314' title='bbox 281 2532 382 2580; x_wconf 86' lang='lat' dir='ltr'><strong>remotis</strong></span> <span class='ocrx_word' id='word_1_315' title='bbox 392 2533 472 2580; x_wconf 90' lang='lat' dir='ltr'><strong>subito</strong></span> <span class='ocrx_word' id='word_1_316' title='bbox 483 2532 618 2592; x_wconf 87' lang='lat' dir='ltr'><strong>lapidibus,</strong></span> <span class='ocrx_word' id='word_1_317' title='bbox 627 2533 682 2592; x_wconf 93' lang='lat' dir='ltr'><strong>plu·</strong></span> <span class='ocrx_word' id='word_1_318' title='bbox 706 2547 790 2583; x_wconf 88' lang='lat' dir='ltr'><strong>rursus</strong></span> <span class='ocrx_word' id='word_1_319' title='bbox 800 2537 875 2584; x_wconf 86' lang='lat' dir='ltr'><strong>vultis</strong></span> <span class='ocrx_word' id='word_1_320' title='bbox 887 2536 1025 2584; x_wconf 86' lang='lat' dir='ltr'><strong>interficere</strong></span> <span class='ocrx_word' id='word_1_321' title='bbox 1035 2532 1174 2582; x_wconf 87' lang='lat' dir='ltr'><strong>suscitatos.</strong></span> 
     </span>
     <span class='ocr_line' id='line_1_33' title="bbox 157 2601 1237 2663; baseline 0 -15"><span class='ocrx_word' id='word_1_322' title='bbox 157 2602 219 2649; x_wconf 87' lang='lat' dir='ltr'><strong>rima</strong></span> <span class='ocrx_word' id='word_1_323' title='bbox 230 2602 398 2650; x_wconf 83' lang='lat' dir='ltr'><strong>detunctorum</strong></span> <span class='ocrx_word' id='word_1_324' title='bbox 410 2602 521 2662; x_wconf 88' lang='lat' dir='ltr'><strong>sepulcra</strong></span> <span class='ocrx_word' id='word_1_325' title='bbox 531 2603 663 2663; x_wconf 89' lang='lat' dir='ltr'><strong>patuerunt</strong></span> <span class='ocrx_word' id='word_1_326' title='bbox 675 2617 681 2649; x_wconf 82' lang='lat' dir='ltr'><strong>r</strong></span> <span class='ocrx_word' id='word_1_327' title='bbox 737 2602 775 2650; x_wconf 89' lang='grc'><strong>60.</strong></span> <span class='ocrx_word' id='word_1_328' title='bbox 788 2603 836 2650; x_wconf 89' lang='lat' dir='ltr'><strong>Sed</strong></span> <span class='ocrx_word' id='word_1_329' title='bbox 851 2605 922 2652; x_wconf 85' lang='lat' dir='ltr'><strong>lesus</strong></span> <span class='ocrx_word' id='word_1_330' title='bbox 932 2617 981 2651; x_wconf 92' lang='lat' dir='ltr'><strong>non</strong></span> <span class='ocrx_word' id='word_1_331' title='bbox 993 2603 1090 2651; x_wconf 88' lang='lat' dir='ltr'><strong>revocat</strong></span> <span class='ocrx_word' id='word_1_332' title='bbox 1102 2601 1237 2660; x_wconf 81' lang='lat' dir='ltr'><strong>beneficia,</strong></span> 
     </span>
     <span class='ocr_line' id='line_1_34' title="bbox 157 2669 1235 2732; baseline 0 -16"><span class='ocrx_word' id='word_1_333' title='bbox 157 2670 201 2716; x_wconf 91' lang='lat' dir='ltr'><strong>sod</strong></span> <span class='ocrx_word' id='word_1_334' title='bbox 225 2671 365 2720; x_wconf 89' lang='lat' dir='ltr'><strong>hominibus</strong></span> <span class='ocrx_word' id='word_1_335' title='bbox 385 2671 458 2729; x_wconf 77' lang='lat' dir='ltr'><strong>iussit</strong></span> <span class='ocrx_word' id='word_1_336' title='bbox 480 2671 509 2720; x_wconf 87' lang='lat' dir='ltr'><strong>nt</strong></span> <span class='ocrx_word' id='word_1_337' title='bbox 528 2674 683 2720; x_wconf 85' lang='lat' dir='ltr'><strong>removerent</strong></span> <span class='ocrx_word' id='word_1_338' title='bbox 707 2669 781 2719; x_wconf 90' lang='lat' dir='ltr'><strong>immo</strong></span> <span class='ocrx_word' id='word_1_339' title='bbox 793 2676 891 2721; x_wconf 91' lang='lat' dir='ltr'><strong>cumulo</strong></span> <span class='ocrx_word' id='word_1_340' title='bbox 908 2673 1062 2721; x_wconf 87' lang='lat' dir='ltr'><strong>liberalitatis</strong></span> <span class='ocrx_word' id='word_1_341' title='bbox 1079 2671 1235 2732; x_wconf 81' lang='lat' dir='ltr'><strong>amplificat:</strong></span> 
     </span>
     <span class='ocr_line' id='line_1_35' title="bbox 157 2738 1238 2801; baseline -0.001 -16"><span class='ocrx_word' id='word_1_342' title='bbox 157 2738 277 2800; x_wconf 81' lang='lat' dir='ltr'><strong>lapidcm3</strong></span> <span class='ocrx_word' id='word_1_343' title='bbox 288 2740 429 2789; x_wconf 89' lang='lat' dir='ltr'><strong>inveritate</strong></span> <span class='ocrx_word' id='word_1_344' title='bbox 439 2739 553 2801; x_wconf 90' lang='lat' dir='ltr'><strong>quidem,</strong></span> <span class='ocrx_word' id='word_1_345' title='bbox 564 2739 592 2786; x_wconf 91' lang='lat' dir='ltr'><strong>ut</strong></span> <span class='ocrx_word' id='word_1_346' title='bbox 603 2740 683 2787; x_wconf 88' lang='lat' dir='ltr'><strong>incre·</strong></span> <span class='ocrx_word' id='word_1_347' title='bbox 707 2739 793 2787; x_wconf 87' lang='lat' dir='ltr'><strong>revisit</strong></span> <span class='ocrx_word' id='word_1_348' title='bbox 811 2740 914 2788; x_wconf 87' lang='lat' dir='ltr'><strong>sollicite</strong></span> <span class='ocrx_word' id='word_1_349' title='bbox 930 2739 1118 2796; x_wconf 86' lang='lat' dir='ltr'><strong>resuscitatum,</strong></span> <span class='ocrx_word' id='word_1_350' title='bbox 1130 2739 1156 2786; x_wconf 88' lang='lat' dir='ltr'><strong>et</strong></span> <span class='ocrx_word' id='word_1_351' title='bbox 1170 2738 1238 2786; x_wconf 84' lang='lat' dir='ltr'><strong>cele·</strong></span> 
     </span>
     <span class='ocr_line' id='line_1_36' title="bbox 157 2806 1238 2870; baseline -0.001 -16"><span class='ocrx_word' id='word_1_352' title='bbox 157 2807 209 2854; x_wconf 91' lang='lat' dir='ltr'><strong>dull</strong></span> <span class='ocrx_word' id='word_1_353' title='bbox 218 2809 345 2856; x_wconf 90' lang='lat' dir='ltr'><strong>crederent</strong></span> <span class='ocrx_word' id='word_1_354' title='bbox 359 2809 424 2870; x_wconf 91' lang='lat' dir='ltr'><strong>quod</strong></span> <span class='ocrx_word' id='word_1_355' title='bbox 434 2808 560 2866; x_wconf 88' lang='lat' dir='ltr'><strong>videbant,</strong></span> <span class='ocrx_word' id='word_1_356' title='bbox 570 2808 595 2855; x_wconf 89' lang='lat' dir='ltr'><strong>et</strong></span> <span class='ocrx_word' id='word_1_357' title='bbox 602 2807 683 2866; x_wconf 91' lang='lat' dir='ltr'><strong>adspi-</strong></span> <span class='ocrx_word' id='word_1_358' title='bbox 706 2809 783 2856; x_wconf 89' lang='lat' dir='ltr'><strong>bratae</strong></span> <span class='ocrx_word' id='word_1_359' title='bbox 792 2809 977 2856; x_wconf 88' lang='lat' dir='ltr'><strong>resurrectionis</strong></span> <span class='ocrx_word' id='word_1_360' title='bbox 983 2808 1059 2868; x_wconf 87' lang='lat' dir='ltr'><strong>gratia</strong></span> <span class='ocrx_word' id='word_1_361' title='bbox 1069 2807 1142 2854; x_wconf 88' lang='lat' dir='ltr'><strong>laetus</strong></span> <span class='ocrx_word' id='word_1_362' title='bbox 1149 2806 1182 2853; x_wconf 87' lang='lat' dir='ltr'><strong>ad</strong></span> <span class='ocrx_word' id='word_1_363' title='bbox 1190 2817 1238 2853; x_wconf 80' lang='lat' dir='ltr'><strong>cm·</strong></span> 
     </span>
     <span class='ocr_line' id='line_1_37' title="bbox 156 2874 1237 2937; baseline -0.005 -12"><span class='ocrx_word' id='word_1_364' title='bbox 156 2877 242 2925; x_wconf 83' lang='lat' dir='ltr'><strong>cenent</strong></span> <span class='ocrx_word' id='word_1_365' title='bbox 251 2879 420 2937; x_wconf 85' lang='lat' dir='ltr'><strong>resurgentem</strong></span> <span class='ocrx_word' id='word_1_366' title='bbox 427 2878 551 2924; x_wconf 89' lang='lat' dir='ltr'><strong>mortuum</strong></span> <span class='ocrx_word' id='word_1_367' title='bbox 565 2889 572 2922; x_wconf 76' lang='grc' dir='ltr'><strong>ι</strong></span> <span class='ocrx_word' id='word_1_368' title='bbox 586 2877 611 2923; x_wconf 95' lang='lat' dir='ltr'><strong>in</strong></span> <span class='ocrx_word' id='word_1_369' title='bbox 624 2878 683 2936; x_wconf 89' lang='lat' dir='ltr'><strong>typo</strong></span> <span class='ocrx_word' id='word_1_370' title='bbox 708 2889 764 2923; x_wconf 91' lang='lat' dir='ltr'><strong>nam</strong></span> <span class='ocrx_word' id='word_1_371' title='bbox 786 2877 868 2934; x_wconf 90' lang='lat' dir='ltr'><strong>venit,</strong></span> <span class='ocrx_word' id='word_1_372' title='bbox 888 2876 1002 2936; x_wconf 80' lang='lat' dir='ltr'><strong>quamsi</strong></span> <span class='ocrx_word' id='word_1_373' title='bbox 1026 2887 1069 2923; x_wconf 90' lang='lat' dir='ltr'><strong>sua</strong></span> <span class='ocrx_word' id='word_1_374' title='bbox 1087 2874 1237 2934; x_wconf 85' lang='lat' dir='ltr'><strong>praeparavit</strong></span> 
     </span>
     <span class='ocr_line' id='line_1_38' title="bbox 156 2943 1236 3007; baseline -0.002 -15"><span class='ocrx_word' id='word_1_375' title='bbox 156 2948 252 3006; x_wconf 85' lang='lat' dir='ltr'><strong>eutem,</strong></span> <span class='ocrx_word' id='word_1_376' title='bbox 263 2946 328 3007; x_wconf 84' lang='lat' dir='ltr'><strong>quod</strong></span> <span class='ocrx_word' id='word_1_377' title='bbox 339 2946 408 2994; x_wconf 90' lang='lat' dir='ltr'><strong>nobis</strong></span> <span class='ocrx_word' id='word_1_378' title='bbox 422 2945 523 2993; x_wconf 89' lang='lat' dir='ltr'><strong>donaret</strong></span> <span class='ocrx_word' id='word_1_379' title='bbox 539 2946 568 2993; x_wconf 93' lang='lat' dir='ltr'><strong>nt</strong></span> <span class='ocrx_word' id='word_1_380' title='bbox 586 2945 684 2993; x_wconf 89' lang='lat' dir='ltr'><strong>levare·</strong></span> <span class='ocrx_word' id='word_1_381' title='bbox 707 2945 855 3003; x_wconf 80' lang='lat' dir='ltr'><strong>Ecclesia,&#39;iu</strong></span> <span class='ocrx_word' id='word_1_382' title='bbox 863 2958 910 3005; x_wconf 92' lang='lat' dir='ltr'><strong>qua</strong></span> <span class='ocrx_word' id='word_1_383' title='bbox 919 2945 962 2991; x_wconf 93' lang='lat' dir='ltr'><strong>ille</strong></span> <span class='ocrx_word' id='word_1_384' title='bbox 973 2943 1016 3003; x_wconf 91' lang='lat' dir='ltr'><strong>qui</strong></span> <span class='ocrx_word' id='word_1_385' title='bbox 1027 2943 1108 2990; x_wconf 84' lang='lat' dir='ltr'><strong>luerat</strong></span> <span class='ocrx_word' id='word_1_386' title='bbox 1117 2944 1236 3001; x_wconf 88' lang='lat' dir='ltr'><strong>mortuus,</strong></span> 
     </span>
     <span class='ocr_line' id='line_1_39' title="bbox 156 3010 1237 3074; baseline -0.002 -12"><span class='ocrx_word' id='word_1_387' title='bbox 156 3027 211 3062; x_wconf 90' lang='lat' dir='ltr'><strong>mus</strong></span> <span class='ocrx_word' id='word_1_388' title='bbox 220 3015 365 3063; x_wconf 90' lang='lat' dir='ltr'><strong>delictorum</strong></span> <span class='ocrx_word' id='word_1_389' title='bbox 377 3027 465 3074; x_wconf 89' lang='lat' dir='ltr'><strong>onera,</strong></span> <span class='ocrx_word' id='word_1_390' title='bbox 477 3015 555 3062; x_wconf 92' lang='lat' dir='ltr'><strong>moles</strong></span> <span class='ocrx_word' id='word_1_391' title='bbox 566 3014 683 3074; x_wconf 88' lang='lat' dir='ltr'><strong>quasdam</strong></span> <span class='ocrx_word' id='word_1_392' title='bbox 707 3028 770 3061; x_wconf 91' lang='lat' dir='ltr'><strong>unus</strong></span> <span class='ocrx_word' id='word_1_393' title='bbox 785 3014 851 3060; x_wconf 90' lang='lat' dir='ltr'><strong>inter</strong></span> <span class='ocrx_word' id='word_1_394' title='bbox 869 3013 1049 3062; x_wconf 86' lang='lat' dir='ltr'><strong>discumbentes</strong></span> <span class='ocrx_word' id='word_1_395' title='bbox 1068 3024 1127 3059; x_wconf 92' lang='lat' dir='ltr'><strong>cum</strong></span> <span class='ocrx_word' id='word_1_396' title='bbox 1141 3010 1237 3060; x_wconf 83' lang='lat' dir='ltr'><strong>christo</strong></span> 
     </span>
     <span class='ocr_line' id='line_1_40' title="bbox 157 3082 843 3139; baseline -0.003 -9"><span class='ocrx_word' id='word_1_397' title='bbox 157 3095 263 3130; x_wconf 89' lang='lat' dir='ltr'><strong>reorum.</strong></span> <span class='ocrx_word' id='word_1_398' title='bbox 278 3083 391 3130; x_wconf 85' lang='lat' dir='ltr'><strong>Nostrum</strong></span> <span class='ocrx_word' id='word_1_399' title='bbox 402 3082 440 3130; x_wconf 87' lang='lat' dir='ltr'><strong>est</strong></span> <span class='ocrx_word' id='word_1_400' title='bbox 454 3094 529 3128; x_wconf 92' lang='lat' dir='ltr'><strong>onera</strong></span> <span class='ocrx_word' id='word_1_401' title='bbox 541 3093 682 3139; x_wconf 87' lang='lat' dir='ltr'><strong>removere,</strong></span> <span class='ocrx_word' id='word_1_402' title='bbox 708 3083 843 3130; x_wconf 91' lang='lat' dir='ltr'><strong>invenitur.</strong></span> 
     </span>
     <span class='ocr_line' id='line_1_41' title="bbox 157 3147 1236 3211; baseline 0.001 -15"><span class='ocrx_word' id='word_1_403' title='bbox 157 3151 223 3197; x_wconf 87' lang='lat' dir='ltr'><strong>illius</strong></span> <span class='ocrx_word' id='word_1_404' title='bbox 232 3152 269 3198; x_wconf 91' lang='lat' dir='ltr'><strong>est</strong></span> <span class='ocrx_word' id='word_1_405' title='bbox 283 3151 442 3207; x_wconf 86' lang='lat' dir='ltr'><strong>resuscitare,</strong></span> <span class='ocrx_word' id='word_1_406' title='bbox 456 3148 524 3195; x_wconf 92' lang='lat' dir='ltr'><strong>illius</strong></span> <span class='ocrx_word' id='word_1_407' title='bbox 534 3147 640 3196; x_wconf 88' lang='lat' dir='ltr'><strong>educere</strong></span> <span class='ocrx_word' id='word_1_408' title='bbox 652 3149 683 3195; x_wconf 92' lang='lat' dir='ltr'><strong>de</strong></span> <span class='ocrx_word' id='word_1_409' title='bbox 738 3152 776 3198; x_wconf 83' lang='lat' dir='ltr'><strong>ol.</strong></span> <span class='ocrx_word' id='word_1_410' title='bbox 788 3153 855 3199; x_wconf 83' lang='lat' dir='ltr'><strong>Tunc</strong></span> <span class='ocrx_word' id='word_1_411' title='bbox 864 3150 985 3198; x_wconf 88' lang='lat' dir='ltr'><strong>mirantur</strong></span> <span class='ocrx_word' id='word_1_412' title='bbox 996 3162 1081 3198; x_wconf 91' lang='lat' dir='ltr'><strong>omncs</strong></span> <span class='ocrx_word' id='word_1_413' title='bbox 1091 3149 1135 3211; x_wconf 86' lang='lat' dir='ltr'><strong>qut</strong></span> <span class='ocrx_word' id='word_1_414' title='bbox 1146 3148 1236 3198; x_wconf 86' lang='lat' dir='ltr'><strong>vident</strong></span> 
     </span>
     <span class='ocr_line' id='line_1_42' title="bbox 157 3216 1235 3280; baseline -0.001 -13"><span class='ocrx_word' id='word_1_415' title='bbox 157 3219 276 3277; x_wconf 84' lang='lat' dir='ltr'><strong>sepulcris</strong></span> <span class='ocrx_word' id='word_1_416' title='bbox 287 3219 374 3265; x_wconf 86' lang='lat' dir='ltr'><strong>exutos</strong></span> <span class='ocrx_word' id='word_1_417' title='bbox 384 3217 499 3264; x_wconf 90' lang='lat' dir='ltr'><strong>vinculis.</strong></span> <span class='ocrx_word' id='word_1_418' title='bbox 707 3233 768 3279; x_wconf 92' lang='lat' dir='ltr'><strong>puro</strong></span> <span class='ocrx_word' id='word_1_419' title='bbox 783 3219 869 3280; x_wconf 86' lang='lat' dir='ltr'><strong>utique</strong></span> <span class='ocrx_word' id='word_1_420' title='bbox 885 3220 972 3266; x_wconf 87' lang='lat' dir='ltr'><strong>obtutu</strong></span> <span class='ocrx_word' id='word_1_421' title='bbox 988 3219 1092 3276; x_wconf 90' lang='lat' dir='ltr'><strong>mentis,</strong></span> <span class='ocrx_word' id='word_1_422' title='bbox 1107 3219 1152 3278; x_wconf 90' lang='lat' dir='ltr'><strong>qni</strong></span> <span class='ocrx_word' id='word_1_423' title='bbox 1169 3216 1235 3266; x_wconf 82' lang='lat' dir='ltr'><strong>invi·</strong></span> 
     </span>
     <span class='ocr_line' id='line_1_43' title="bbox 187 3285 1233 3345; baseline 0.002 -13"><span class='ocrx_word' id='word_1_424' title='bbox 187 3287 226 3332; x_wconf 80' lang='lat'><strong>57.</strong></span> <span class='ocrx_word' id='word_1_425' title='bbox 235 3286 325 3333; x_wconf 87' lang='lat' dir='ltr'><strong>Videns</strong></span> <span class='ocrx_word' id='word_1_426' title='bbox 341 3286 423 3345; x_wconf 87' lang='lat' dir='ltr'><strong>itaque</strong></span> <span class='ocrx_word' id='word_1_427' title='bbox 434 3298 508 3344; x_wconf 87' lang='lat' dir='ltr'><strong>grave</strong></span> <span class='ocrx_word' id='word_1_428' title='bbox 522 3297 583 3333; x_wconf 89' lang='lat' dir='ltr'><strong>onus</strong></span> <span class='ocrx_word' id='word_1_429' title='bbox 593 3298 684 3345; x_wconf 87' lang='lat' dir='ltr'><strong>pecca·</strong></span> <span class='ocrx_word' id='word_1_430' title='bbox 708 3287 766 3334; x_wconf 89' lang='lat' dir='ltr'><strong>dere</strong></span> <span class='ocrx_word' id='word_1_431' title='bbox 780 3301 829 3334; x_wconf 95' lang='lat' dir='ltr'><strong>non</strong></span> <span class='ocrx_word' id='word_1_432' title='bbox 839 3287 941 3345; x_wconf 82' lang='lat' dir='ltr'><strong>norunt3</strong></span> <span class='ocrx_word' id='word_1_433' title='bbox 960 3286 1023 3334; x_wconf 91' lang='lat' dir='ltr'><strong>tales</strong></span> <span class='ocrx_word' id='word_1_434' title='bbox 1041 3287 1109 3333; x_wconf 90' lang='lat' dir='ltr'><strong>enim</strong></span> <span class='ocrx_word' id='word_1_435' title='bbox 1128 3285 1233 3334; x_wconf 84' lang='lat' dir='ltr'><strong>Ecclesia</strong></span> 
     </span>
     <span class='ocr_line' id='line_1_44' title="bbox 157 3354 1234 3415; baseline -0.001 -13"><span class='ocrx_word' id='word_1_436' title='bbox 157 3354 230 3412; x_wconf 84' lang='lat' dir='ltr'><strong>toris,</strong></span> <span class='ocrx_word' id='word_1_437' title='bbox 239 3355 376 3415; x_wconf 89' lang='lat' dir='ltr'><strong>illacrymat</strong></span> <span class='ocrx_word' id='word_1_438' title='bbox 386 3354 503 3402; x_wconf 87' lang='lat' dir='ltr'><strong>Dominus</strong></span> <span class='ocrx_word' id='word_1_439' title='bbox 513 3355 596 3412; x_wconf 81' lang='lat' dir='ltr'><strong>lesus3</strong></span> <span class='ocrx_word' id='word_1_440' title='bbox 608 3355 683 3401; x_wconf 89' lang='lat' dir='ltr'><strong>solam</strong></span> <span class='ocrx_word' id='word_1_441' title='bbox 708 3355 770 3403; x_wconf 88' lang='lat' dir='ltr'><strong>lilios</strong></span> <span class='ocrx_word' id='word_1_442' title='bbox 780 3356 862 3404; x_wconf 88' lang='lat' dir='ltr'><strong>babet.</strong></span> <span class='ocrx_word' id='word_1_443' title='bbox 874 3356 1005 3414; x_wconf 86' lang='lat' dir='ltr'><strong>Mirantur,</strong></span> <span class='ocrx_word' id='word_1_444' title='bbox 1014 3357 1042 3401; x_wconf 92' lang='lat' dir='ltr'><strong>ut</strong></span> <span class='ocrx_word' id='word_1_445' title='bbox 1050 3354 1104 3401; x_wconf 81' lang='lat' dir='ltr'><strong>dixi</strong></span> <span class='ocrx_word' id='word_1_446' title='bbox 1115 3354 1234 3414; x_wconf 85' lang='lat' dir='ltr'><strong>quomodo</strong></span> 
     </span>
     <span class='ocr_line' id='line_1_45' title="bbox 157 3422 1228 3484; baseline 0 -14"><span class='ocrx_word' id='word_1_447' title='bbox 157 3423 223 3470; x_wconf 91' lang='lat' dir='ltr'><strong>onim</strong></span> <span class='ocrx_word' id='word_1_448' title='bbox 233 3422 353 3470; x_wconf 86' lang='lat' dir='ltr'><strong>ssereuon</strong></span> <span class='ocrx_word' id='word_1_449' title='bbox 364 3423 455 3482; x_wconf 90' lang='lat' dir='ltr'><strong>patitur</strong></span> <span class='ocrx_word' id='word_1_450' title='bbox 465 3422 607 3470; x_wconf 85' lang='lat' dir='ltr'><strong>Ecclesiam.</strong></span> <span class='ocrx_word' id='word_1_451' title='bbox 616 3424 684 3469; x_wconf 82' lang='lat' dir='ltr'><strong>Gom·</strong></span> <span class='ocrx_word' id='word_1_452' title='bbox 708 3423 750 3470; x_wconf 89' lang='lat' dir='ltr'><strong>illc</strong></span> <span class='ocrx_word' id='word_1_453' title='bbox 761 3423 803 3484; x_wconf 89' lang='lat' dir='ltr'><strong>qui</strong></span> <span class='ocrx_word' id='word_1_454' title='bbox 817 3424 913 3482; x_wconf 80' lang='lat' dir='ltr'><strong>iacebat</strong></span> <span class='ocrx_word' id='word_1_455' title='bbox 929 3424 954 3470; x_wconf 90' lang='lat' dir='ltr'><strong>in</strong></span> <span class='ocrx_word' id='word_1_456' title='bbox 971 3423 1063 3470; x_wconf 92' lang='lat' dir='ltr'><strong>tumulo</strong></span> <span class='ocrx_word' id='word_1_457' title='bbox 1078 3423 1133 3469; x_wconf 82' lang='lat' dir='ltr'><strong>lueri</strong></span> <span class='ocrx_word' id='word_1_458' title='bbox 1150 3423 1177 3469; x_wconf 88' lang='lat' dir='ltr'><strong>et</strong></span> <span class='ocrx_word' id='word_1_459' title='bbox 1188 3435 1228 3470; x_wconf 91' lang='lat' dir='ltr'><strong>nu·</strong></span> 
     </span>
     <span class='ocr_line' id='line_1_46' title="bbox 158 3491 1235 3554; baseline 0 -16"><span class='ocrx_word' id='word_1_460' title='bbox 158 3493 352 3554; x_wconf 88' lang='lat' dir='ltr'><strong>patiturdilectae</strong></span> <span class='ocrx_word' id='word_1_461' title='bbox 363 3506 427 3550; x_wconf 88' lang='lat' dir='ltr'><strong>suaa,</strong></span> <span class='ocrx_word' id='word_1_462' title='bbox 439 3493 464 3540; x_wconf 90' lang='lat' dir='ltr'><strong>et</strong></span> <span class='ocrx_word' id='word_1_463' title='bbox 473 3492 533 3540; x_wconf 91' lang='lat' dir='ltr'><strong>dicit</strong></span> <span class='ocrx_word' id='word_1_464' title='bbox 546 3491 662 3539; x_wconf 81' lang='lat' dir='ltr'><strong>defuncto</strong></span> <span class='ocrx_word' id='word_1_465' title='bbox 675 3505 681 3538; x_wconf 80' lang='lat' dir='ltr'><strong>a</strong></span> <span class='ocrx_word' id='word_1_466' title='bbox 708 3492 865 3551; x_wconf 88' lang='lat' dir='ltr'><strong>diustertius,</strong></span> <span class='ocrx_word' id='word_1_467' title='bbox 873 3505 936 3538; x_wconf 80' lang='lat' dir='ltr'><strong>uirus</strong></span> <span class='ocrx_word' id='word_1_468' title='bbox 944 3491 976 3538; x_wconf 92' lang='lat' dir='ltr'><strong>sit</strong></span> <span class='ocrx_word' id='word_1_469' title='bbox 985 3492 1015 3539; x_wconf 90' lang='lat' dir='ltr'><strong>de</strong></span> <span class='ocrx_word' id='word_1_470' title='bbox 1024 3491 1235 3539; x_wconf 86' lang='lat' dir='ltr'><strong>discumbentibus</strong></span> 
     </span>
     <span class='ocr_line' id='line_1_47' title="bbox 159 3559 961 3620; baseline -0.007 -9"><span class='ocrx_word' id='word_1_471' title='bbox 159 3563 219 3611; x_wconf 83' lang='lat' dir='ltr'><strong>Veni</strong></span> <span class='ocrx_word' id='word_1_472' title='bbox 229 3562 307 3620; x_wconf 77' lang='lat' dir='ltr'><strong>foros,</strong></span> <span class='ocrx_word' id='word_1_473' title='bbox 318 3562 364 3608; x_wconf 89' lang='lat' dir='ltr'><strong>boc</strong></span> <span class='ocrx_word' id='word_1_474' title='bbox 374 3561 411 3608; x_wconf 89' lang='lat' dir='ltr'><strong>est</strong></span> <span class='ocrx_word' id='word_1_475' title='bbox 422 3574 429 3606; x_wconf 74' lang='lat' dir='ltr'><strong>c</strong></span> <span class='ocrx_word' id='word_1_476' title='bbox 441 3561 488 3618; x_wconf 82' lang='lat' dir='ltr'><strong>Qui</strong></span> <span class='ocrx_word' id='word_1_477' title='bbox 497 3559 565 3617; x_wconf 79' lang='lat' dir='ltr'><strong>J&#39;aces</strong></span> <span class='ocrx_word' id='word_1_478' title='bbox 578 3559 604 3606; x_wconf 91' lang='lat' dir='ltr'><strong>in</strong></span> <span class='ocrx_word' id='word_1_479' title='bbox 615 3560 684 3608; x_wconf 92' lang='lat' dir='ltr'><strong>tene·</strong></span> <span class='ocrx_word' id='word_1_480' title='bbox 708 3572 764 3606; x_wconf 92' lang='lat' dir='ltr'><strong>cum</strong></span> <span class='ocrx_word' id='word_1_481' title='bbox 778 3560 881 3606; x_wconf 90' lang='lat' dir='ltr'><strong>Domino</strong></span> <span class='ocrx_word' id='word_1_482' title='bbox 893 3561 961 3606; x_wconf 83' lang='lat' dir='ltr'><strong>lesu.</strong></span> 
     </span>
     <span class='ocr_line' id='line_1_48' title="bbox 157 3625 1236 3690; baseline 0 -15"><span class='ocrx_word' id='word_1_483' title='bbox 157 3627 208 3675; x_wconf 89' lang='lat' dir='ltr'><strong>bris</strong></span> <span class='ocrx_word' id='word_1_484' title='bbox 219 3629 387 3690; x_wconf 87' lang='lat' dir='ltr'><strong>conscientiae,</strong></span> <span class='ocrx_word' id='word_1_485' title='bbox 396 3630 421 3677; x_wconf 89' lang='lat' dir='ltr'><strong>et</strong></span> <span class='ocrx_word' id='word_1_486' title='bbox 429 3629 573 3677; x_wconf 88' lang='lat' dir='ltr'><strong>delictorum</strong></span> <span class='ocrx_word' id='word_1_487' title='bbox 584 3629 683 3676; x_wconf 88' lang='lat' dir='ltr'><strong>tuorum</strong></span> <span class='ocrx_word' id='word_1_488' title='bbox 737 3627 775 3675; x_wconf 71' lang='lat'><strong>62.</strong></span> <span class='ocrx_word' id='word_1_489' title='bbox 791 3629 845 3688; x_wconf 91' lang='lat' dir='ltr'><strong>Ipsa</strong></span> <span class='ocrx_word' id='word_1_490' title='bbox 862 3627 935 3673; x_wconf 85' lang='lat' dir='ltr'><strong>llario</strong></span> <span class='ocrx_word' id='word_1_491' title='bbox 950 3626 1026 3675; x_wconf 88' lang='lat' dir='ltr'><strong>mittit</strong></span> <span class='ocrx_word' id='word_1_492' title='bbox 1041 3625 1198 3687; x_wconf 79' lang='lat' dir='ltr'><strong>unguentum</strong></span> <span class='ocrx_word' id='word_1_493' title='bbox 1211 3625 1236 3675; x_wconf 84' lang='lat' dir='ltr'><strong>iu</strong></span> 
     </span>
     <span class='ocr_line' id='line_1_49' title="bbox 158 3693 1235 3757; baseline -0.001 -14"><span class='ocrx_word' id='word_1_494' title='bbox 158 3695 281 3755; x_wconf 82' lang='lat' dir='ltr'><strong>sordibus,</strong></span> <span class='ocrx_word' id='word_1_495' title='bbox 292 3698 396 3757; x_wconf 90' lang='lat' dir='ltr'><strong>quodam</strong></span> <span class='ocrx_word' id='word_1_496' title='bbox 407 3709 504 3744; x_wconf 87' lang='lat' dir='ltr'><strong>reorum</strong></span> <span class='ocrx_word' id='word_1_497' title='bbox 520 3709 630 3757; x_wconf 89' lang='lat' dir='ltr'><strong>carcere,</strong></span> <span class='ocrx_word' id='word_1_498' title='bbox 641 3698 682 3744; x_wconf 80' lang='lat' dir='ltr'><strong>exi</strong></span> <span class='ocrx_word' id='word_1_499' title='bbox 707 3695 782 3757; x_wconf 91' lang='lat' dir='ltr'><strong>pedes</strong></span> <span class='ocrx_word' id='word_1_500' title='bbox 790 3694 1026 3742; x_wconf 81' lang='lat' dir='ltr'><strong>Dominilesu.ldco</strong></span> <span class='ocrx_word' id='word_1_501' title='bbox 1037 3695 1099 3742; x_wconf 81' lang='lat' dir='ltr'><strong>torte</strong></span> <span class='ocrx_word' id='word_1_502' title='bbox 1111 3695 1137 3740; x_wconf 93' lang='lat' dir='ltr'><strong>in</strong></span> <span class='ocrx_word' id='word_1_503' title='bbox 1146 3693 1235 3754; x_wconf 84' lang='lat' dir='ltr'><strong>pedes,</strong></span> 
     </span>
     <span class='ocr_line' id='line_1_50' title="bbox 158 3763 1234 3826; baseline -0.003 -14"><span class='ocrx_word' id='word_1_504' title='bbox 158 3764 233 3823; x_wconf 89' lang='lat' dir='ltr'><strong>loras,</strong></span> <span class='ocrx_word' id='word_1_505' title='bbox 246 3765 362 3812; x_wconf 90' lang='lat' dir='ltr'><strong>delictum</strong></span> <span class='ocrx_word' id='word_1_506' title='bbox 371 3766 496 3826; x_wconf 92' lang='lat' dir='ltr'><strong>proprium</strong></span> <span class='ocrx_word' id='word_1_507' title='bbox 504 3766 590 3825; x_wconf 87' lang='lat' dir='ltr'><strong>prode,-</strong></span> <span class='ocrx_word' id='word_1_508' title='bbox 601 3767 627 3813; x_wconf 92' lang='lat' dir='ltr'><strong>ut</strong></span> <span class='ocrx_word' id='word_1_509' title='bbox 633 3768 684 3826; x_wconf 73' lang='lat' dir='ltr'><strong>Jus-</strong></span> <span class='ocrx_word' id='word_1_510' title='bbox 707 3765 765 3823; x_wconf 87' lang='lat' dir='ltr'><strong>quia</strong></span> <span class='ocrx_word' id='word_1_511' title='bbox 774 3776 838 3811; x_wconf 92' lang='lat' dir='ltr'><strong>unus</strong></span> <span class='ocrx_word' id='word_1_512' title='bbox 847 3764 878 3811; x_wconf 92' lang='lat' dir='ltr'><strong>de</strong></span> <span class='ocrx_word' id='word_1_513' title='bbox 892 3764 981 3810; x_wconf 82' lang='lat' dir='ltr'><strong>infimis</strong></span> <span class='ocrx_word' id='word_1_514' title='bbox 992 3766 1091 3822; x_wconf 89' lang='lat' dir='ltr'><strong>ereptus</strong></span> <span class='ocrx_word' id='word_1_515' title='bbox 1100 3764 1139 3810; x_wconf 89' lang='lat' dir='ltr'><strong>est</strong></span> <span class='ocrx_word' id='word_1_516' title='bbox 1149 3763 1234 3821; x_wconf 83' lang='lat' dir='ltr'><strong>mortl3</strong></span> 
     </span>
     <span class='ocr_line' id='line_1_51' title="bbox 157 3830 1236 3893; baseline -0.003 -11"><span class='ocrx_word' id='word_1_517' title='bbox 157 3833 259 3882; x_wconf 85' lang='lat' dir='ltr'><strong>tiliceris</strong></span> <span class='ocrx_word' id='word_1_518' title='bbox 271 3834 332 3882; x_wconf 81' lang='lat' dir='ltr'><strong>:Ore</strong></span> <span class='ocrx_word' id='word_1_519' title='bbox 341 3837 404 3882; x_wconf 83' lang='lat' dir='ltr'><strong>cutm</strong></span> <span class='ocrx_word' id='word_1_520' title='bbox 413 3835 523 3893; x_wconf 76' lang='lat' dir='ltr'><strong>confessio</strong></span> <span class='ocrx_word' id='word_1_521' title='bbox 533 3836 559 3893; x_wconf 77' lang='lat' dir='ltr'><strong>{tt</strong></span> <span class='ocrx_word' id='word_1_522' title='bbox 574 3837 604 3883; x_wconf 87' lang='lat' dir='ltr'><strong>od</strong></span> <span class='ocrx_word' id='word_1_523' title='bbox 618 3837 683 3884; x_wconf 78' lang='lat' dir='ltr'><strong>sato-</strong></span> <span class='ocrx_word' id='word_1_524' title='bbox 708 3846 792 3880; x_wconf 90' lang='lat' dir='ltr'><strong>omnes</strong></span> <span class='ocrx_word' id='word_1_525' title='bbox 803 3833 870 3880; x_wconf 93' lang='lat' dir='ltr'><strong>enim</strong></span> <span class='ocrx_word' id='word_1_526' title='bbox 882 3845 970 3893; x_wconf 88' lang='lat' dir='ltr'><strong>corpus</strong></span> <span class='ocrx_word' id='word_1_527' title='bbox 981 3833 1071 3880; x_wconf 83' lang='lat' dir='ltr'><strong>Christi</strong></span> <span class='ocrx_word' id='word_1_528' title='bbox 1086 3845 1186 3890; x_wconf 91' lang='lat' dir='ltr'><strong>snmus,</strong></span> <span class='ocrx_word' id='word_1_529' title='bbox 1194 3830 1236 3879; x_wconf 86' lang='lat' dir='ltr'><strong>sed</strong></span> 
     </span>
     <span class='ocr_line' id='line_1_52' title="bbox 158 3899 1236 3959; baseline -0.004 -8"><span class='ocrx_word' id='word_1_530' title='bbox 158 3907 213 3952; x_wconf 81' lang='lat' dir='ltr'><strong>teor.</strong></span> <span class='ocrx_word' id='word_1_531' title='bbox 610 3952 614 3954; x_wconf 53' lang='grc'><strong>,</strong></span> <span class='ocrx_word' id='word_1_532' title='bbox 708 3901 750 3947; x_wconf 92' lang='lat' dir='ltr'><strong>alii</strong></span> <span class='ocrx_word' id='word_1_533' title='bbox 771 3901 834 3947; x_wconf 82' lang='lat' dir='ltr'><strong>torte</strong></span> <span class='ocrx_word' id='word_1_534' title='bbox 852 3901 1105 3959; x_wconf 79' lang='lat' dir='ltr'><strong>superioramembra</strong></span> <span class='ocrx_word' id='word_1_535' title='bbox 1124 3901 1192 3947; x_wconf 84' lang='lat' dir='ltr'><strong>sunt.</strong></span> <span class='ocrx_word' id='word_1_536' title='bbox 1205 3899 1236 3947; x_wconf 83' lang='lat' dir='ltr'><strong>Os</strong></span> 
     </span>
     <span class='ocr_line' id='line_1_53' title="bbox 189 3967 1234 4032; baseline -0.006 -12"><span class='ocrx_word' id='word_1_537' title='bbox 189 3973 227 4020; x_wconf 80' lang='lat'><strong>58.</strong></span> <span class='ocrx_word' id='word_1_538' title='bbox 240 3972 264 4020; x_wconf 87' lang='lat' dir='ltr'><strong>Si</strong></span> <span class='ocrx_word' id='word_1_539' title='bbox 274 3971 494 4032; x_wconf 80' lang='lat' dir='ltr'><strong>contessusiueris‚</strong></span> <span class='ocrx_word' id='word_1_540' title='bbox 511 3972 628 4022; x_wconf 85' lang='lat' dir='ltr'><strong>achristo</strong></span> <span class='ocrx_word' id='word_1_541' title='bbox 638 3985 684 4021; x_wconf 88' lang='lat' dir='ltr'><strong>vo·</strong></span> <span class='ocrx_word' id='word_1_542' title='bbox 709 3969 761 4016; x_wconf 89' lang='lat' dir='ltr'><strong>erat</strong></span> <span class='ocrx_word' id='word_1_543' title='bbox 779 3968 868 4016; x_wconf 84' lang='lat' dir='ltr'><strong>Christi</strong></span> <span class='ocrx_word' id='word_1_544' title='bbox 887 3970 1031 4029; x_wconf 77' lang='lat' dir='ltr'><strong>Apostolus,</strong></span> <span class='ocrx_word' id='word_1_545' title='bbox 1046 3969 1089 4029; x_wconf 91' lang='lat' dir='ltr'><strong>qui</strong></span> <span class='ocrx_word' id='word_1_546' title='bbox 1111 3967 1211 4015; x_wconf 87' lang='lat' dir='ltr'><strong>dicebat</strong></span> <span class='ocrx_word' id='word_1_547' title='bbox 1227 3980 1234 4014; x_wconf 82' lang='lat' dir='ltr'><strong>a</strong></span> 
     </span>
     <span class='ocr_line' id='line_1_54' title="bbox 159 4039 1236 4102; baseline -0.004 -12"><span class='ocrx_word' id='word_1_548' title='bbox 159 4040 242 4101; x_wconf 73' lang='lat' dir='ltr'><strong>estus,</strong></span> <span class='ocrx_word' id='word_1_549' title='bbox 263 4041 365 4090; x_wconf 86' lang='lat' dir='ltr'><strong>claustra</strong></span> <span class='ocrx_word' id='word_1_550' title='bbox 384 4041 543 4101; x_wconf 87' lang='lat' dir='ltr'><strong>rumpentur,</strong></span> <span class='ocrx_word' id='word_1_551' title='bbox 560 4043 586 4089; x_wconf 89' lang='lat' dir='ltr'><strong>et</strong></span> <span class='ocrx_word' id='word_1_552' title='bbox 602 4041 683 4088; x_wconf 85' lang='lat' dir='ltr'><strong>omnia</strong></span> <span class='ocrx_word' id='word_1_553' title='bbox 710 4040 902 4102; x_wconf 75' lang='lat' dir='ltr'><strong>Experimeulum</strong></span> <span class='ocrx_word' id='word_1_554' title='bbox 918 4041 1021 4100; x_wconf 77' lang='lat' dir='ltr'><strong>pueritie</strong></span> <span class='ocrx_word' id='word_1_555' title='bbox 1031 4039 1096 4100; x_wconf 73' lang='lat' dir='ltr'><strong>ejus,</strong></span> <span class='ocrx_word' id='word_1_556' title='bbox 1107 4040 1149 4102; x_wconf 78' lang='lat' dir='ltr'><strong>qut</strong></span> <span class='ocrx_word' id='word_1_557' title='bbox 1161 4040 1188 4086; x_wconf 79' lang='lat' dir='ltr'><strong>r&#39;n</strong></span> <span class='ocrx_word' id='word_1_558' title='bbox 1202 4048 1236 4086; x_wconf 75' lang='lat' dir='ltr'><strong>rto</strong></span> 
     </span>
    </p>
   </div>
   <div class='ocr_carea' id='block_1_5' title="bbox 0 0 1391 4800">
    <p class='ocr_par' dir='ltr' id='par_1_6' title="bbox 0 0 1391 4800">
     <span class='ocr_line' id='line_1_55' title="bbox 0 0 1391 4800; baseline 0 0"><span class='ocrx_word' id='word_1_559' title='bbox 0 0 1391 4800; x_wconf 95' lang='lat' dir='ltr'><strong> </strong></span> 
     </span>
    </p>
   </div>
  </div>
 </body>
</html>
