2760 4800
137 428 183 480 238
261 438 263 441 ’
423 465 426 472 .
525 427 651 475 cancul
667 426 833 474 Amnaosll

134 511 263 573 dignantes
273 520 359 562 corum
371 507 406 558 dil
418 505 444 558 id
454 519 498 570 pro
509 522 582 571 poena
592 510 661 558 intu-
686 510 807 558 colantur.
815 511 866 558 lloc
875 506 1220 571 est‚ltelissimtertnclpor,'

134 582 222 642 lertnt,
233 580 298 641 quod
315 578 427 629 solebant
441 579 534 640 placati
550 578 662 629 conterre
686 579 751 638 quod
766 579 832 628 terre
842 591 893 628 non
902 589 1044 640 possumus3
1054 579 1114 640 qnia
1125 591 1220 640 expro-

133 661 178 709 pro
188 659 301 696 munere.
687 646 758 695 brant
767 648 839 696 nobis
854 648 937 696 vestm
946 660 974 697 sc
985 647 1088 698 nomine
1105 648 1155 697 diis
1166 648 1220 696 suis

163 715 360 776 adunantem
368 716 522 778 evitarat
531 716 618 777 paucis
625 727 664 766 sa·
687 716 840 777 supplicare,
851 716 877 764 ct
886 716 957 766 robis
968 729 1017 765 non
1028 715 1219 775 mnndmtibus,

134 785 274 834 cerdotibus
293 785 404 833 dolentes
417 784 514 833 vietum
532 786 662 846 negatum,
687 783 1220 845 sacrilegiumimmanecommittnnt,dissi·

134 854 181 914 ipsi
186 853 298 902 omnibus
303 854 462 916 denegarent;
467 866 525 901 cum
530 854 664 902 inclemen-
687 853 846 901 mutationem
861 866 906 914 pro
916 865 1036 903 consensu
1049 853 1218 915 interpretare·

115 917 664 988 .'tioressetrindicte,quamculpetllonest
687 921 734 968 tes.
746 922 798 968 Sibi
815 922 922 970 babeant
938 923 1052 984 praesidia
1063 935 1128 972 suaa
1144 933 1217 982 snos,

64 1006 68 1016 ·
134 990 208 1055 igitur
215 991 316 1049 idonea,
324 1003 379 1051 quas
389 991 483 1038 mutam
491 991 664 1051 aegritudinem
688 989 709 1036 si
718 991 833 1050 possunt,
843 991 886 1038 illa
896 990 1040 1039 detendunt.
1051 992 1114 1040 itam
1125 989 1149 1039 si
1160 990 1216 1038 tiso

133 1059 219 1106 mundi
230 1058 339 1107 fallentis
349 1070 423 1107 cansa
434 1059 623 1118 constrinxerit3
634 1059 664 1105 ut
688 1058 778 1118 quibus
789 1061 915 1120 coluntur,
926 1061 1024 1108 auxilio
1031 1073 1086 1109 csse
1095 1071 1147 1107 non
1157 1071 1217 1120 poe»

132 1126 274 1175 rlrentibn's
291 1127 416 1187 segetibus
432 1127 515 1178 subito
532 1140 588 1190 spes
605 1127 663 1175 anni
688 1129 759 1186 sunt,
769 1129 1000 1193 quornodopossont
1010 1127 1216 1189 rosdeiendere,

133 1194 218 1242 adulta
227 1196 375 1243 moreretur.
687 1196 800 1256 aquibus
810 1209 859 1244 non
870 1196 1004 1245 coluntur?

164 1263 204 1311 2l.
212 1265 242 1312 Et
250 1264 316 1311 certe
325 1265 383 1312 ante
391 1265 510 1324 plurimos
518 1277 593 1313 annos
601 1265 664 1312 tem·
716 1264 756 1312 25.
767 1264 817 1325 Sed
826 1265 960 1326 maiorum,
971 1263 1069 1327 inquit,
1080 1265 1216 1316 serrandus

133 1331 230 1393 piorum
246 1332 302 1390 jura
320 1334 371 1379 toto
391 1334 449 1380 orbe
468 1332 564 1380 sublata
581 1334 662 1380 sunt:
688 1334 725 1381 est
743 1333 815 1382 ritus.
825 1334 890 1393 Quid
908 1334 974 1394 quod
991 1335 1079 1382 omnia-
1089 1336 1176 1395 postea
1190 1333 1215 1380 in

133 1402 237 1449 modone
249 1402 347 1448 demum
358 1401 406 1449 diis
415 1402 548 1460 gentilium
557 1401 626 1449 venit
636 1401 662 1447 in
688 1404 777 1450 melius
794 1403 953 1462 proiecerunt
963 1402 1087 1453 tbtundua
1096 1405 1165 1464 ipse,
1175 1402 1217 1463 qu

133 1471 243 1521 mentem
252 1482 306 1516 suas
315 1469 417 1526 iniurias
427 1471 508 1516 ultum
520 1468 574 1516 iret
584 1471 660 1528 Prop·
688 1472 728 1518 vel
743 1472 849 1531 primum
867 1471 959 1520 coactis
977 1473 1159 1521 elementorum
1173 1482 1217 1532 per

63 1528 68 1542 ‘
133 1538 202 1586 terea
211 1549 257 1584 nec
266 1537 366 1584 adsueto
376 1550 450 1584 cursu
460 1538 529 1584 ltilus
537 1537 662 1597 intumuit,
688 1539 761 1586 inane
772 1539 920 1603 seminibus,
931 1539 1018 1587 tenero
1028 1541 1100 1600 orbe,
1117 1551 1216 1588 concrc-

133 1605 163 1652 ut
181 1605 324 1652 urbicorum
345 1605 500 1652 sacerdotum
507 1604 518 1625 ⁴
535 1605 663 1665 dispendia
688 1608 771 1666 verat,
781 1609 822 1655 vel
833 1607 932 1656 contuso
943 1609 1022 1657 adbuc
1032 1607 1150 1670 indigesti
1160 1621 1216 1668 ope·

134 1672 664 1733 vindicaret,quinonvindicavitsuorumt
680 1673 721 1722 ,ris
743 1676 863 1734 caligabat
888 1677 1004 1737 lrorrore3
1023 1689 1106 1727 nonne
1132 1679 1215 1739 postca

163 1742 203 1790 Ἠ.
211 1743 358 1790 Estotamen
367 1742 387 1788 si
397 1742 523 1801 superiore
531 1754 596 1790 anno
606 1746 663 1793 deo-
688 1743 802 1792 distincto
810 1745 882 1805 coell,
890 1746 978 1806 maris,
986 1746 1160 1808 terrarumque
1169 1746 1214 1794 dis·

133 1823 189 1858 rum
196 1822 296 1858 suorum
306 1809 409 1868 iniurias
419 1810 555 1858 vindicatas
565 1813 664 1875 putant,
687 1812 801 1872 crimine,
809 1825 891 1861 rerum
898 1813 987 1861 termas
994 1815 1085 1875 quibus
1090 1815 1216 1876 speciosus

134 1891 180 1927 cur
196 1879 311 1940 praesenti
330 1890 397 1925 anno
415 1879 551 1926 contemtui
575 1880 663 1930 tuere?
688 1882 800 1941 ridetur,
817 1881 932 1942 accepitt
948 1883 1034 1932 Bautae
1052 1883 1215 1933 humentibus

133 1948 266 1996 tamenim
281 1960 327 1995 nee
338 1947 471 1993 herbarum
485 1948 562 2008 vulsis
572 1949 661 1997 radici·
687 1948 796 1996 tenebris
809 1961 901 1996 novum
911 1948 984 1996 terrae
993 1951 1111 2011 stupuere
1128 1951 1213 2004 solem.

79 2055 81 2061 .
133 2015 309 2064 bnsrusticana
319 2015 388 2074 plebs
396 2014 573 2075 pascitur,nec
582 2018 662 2066 baccae
687 2017 746 2064 Dies
757 2017 784 2064 in
801 2018 902 2065 exordio
920 2029 970 2065 non
987 2016 1108 2080 refulget,
1128 2019 1173 2067 scd
1190 2019 1214 2066 in

133 2083 254 2133 silvestris
272 2084 384 2143 explorat
399 2084 499 2145 solatia3
515 2097 562 2134 nec
580 2087 662 2135 cibum
687 2099 801 2147 processu
816 2087 934 2147 temporis
945 2087 1100 2140 incremento
1114 2089 1217 2138 luminis

133 2152 165 2201 de
183 2153 295 2201 sentibus
315 2152 380 2212 rapit
398 2165 405 2198 a
425 2152 469 2200 sed
486 2165 589 2214 opernm
607 2157 662 2204 laeta
687 2157 774 2216 micat,
786 2157 811 2204 et
821 2156 908 2204 caloris
917 2157 1044 2206 exaestuat.

134 2223 261 2283 felicium,
271 2222 330 2269 dum
343 2233 435 2270 messes
450 2225 543 2272 suaset
554 2225 663 2285 ipsaml-
700 2258 702 2263 «
716 2223 755 2270 26.
766 2223 835 2270 buna
851 2225 917 2285 ipsa,
929 2237 978 2284 qua
992 2224 1147 2286 propheticis
1161 2237 1215 2274 ora-

133 2293 215 2353 retur,
238 2290 350 2351 explevit
378 2290 430 2339 voti
458 2290 572 2340 satietate
596 2294 665 2352 jeju·
687 2293 750 2339 culis
768 2293 863 2352 speeies
881 2292 996 2340 Ecclesiae
1012 2293 1213 2353 figuratur3cum

132 2361 203 2408 nium
221 2374 228 2406 ε
244 2358 369 2407 usurarios
384 2357 456 2407 nobis
472 2358 580 2408 reddidit
596 2363 662 2411 terra
686 2362 792 2420 primum
801 2373 930 2421 resurgens
939 2363 965 2409 in
972 2362 1110 2412 menstruas
1118 2375 1216 2426 repara·

133 2429 275 2489 proventus.
687 2430 1212 2489 turaetates,tenebrisnobisabsconditm:

163 2497 203 2544 25.
222 2496 282 2555 Quis
301 2509 359 2557 ergo
377 2495 428 2545 tam
452 2509 532 2547 novus
549 2498 663 2550 humanis
686 2498 852 2558 paulatimque
863 2510 953 2545 cornua
967 2512 1012 2547 sua
1021 2501 1163 2560 complens,
1174 2503 1212 2551 rel

132 2565 218 2614 usibus
224 2565 292 2613 vices
298 2565 397 2624 stupeat
403 2566 572 2616 annorumtEt
580 2570 662 2618 umen
687 2568 811 2624 ereglone
825 2567 883 2614 solis
894 2566 1039 2627 absolvens,
1054 2568 1116 2616 clari
1132 2570 1214 2630 splen·

133 2633 209 2680 etiam
224 2632 349 2692 superiore
363 2645 428 2681 anno
443 2635 574 2695 plerasque
591 2638 662 2686 novi·
687 2635 744 2681 dore
756 2633 858 2695 fulgoris
868 2634 984 2683 irrutilat.

117 2714 187 2757 ,mus
204 2701 341 2763 provincias
363 2700 512 2750 redundasse
531 2703 660 2755 tractibus.
680 2725 683 2740 ¹
716 2700 755 2746 27·
772 2701 887 2749 llxerceri
904 2700 931 2747 ili
949 2699 1044 2749 fructus
1065 2701 1140 2752 terrae
1158 2703 1214 2752 aute

59 2768 61 2771 ’
132 2771 171 2818 De
178 2770 265 2818 Galliis
272 2770 332 2830 quid
341 2770 426 2830 loquar
433 2770 505 2818 solito
517 2770 663 2821 ditioribus?
686 2768 828 2816 nesciebant
846 2783 853 2814 =
870 2768 925 2829 post
944 2769 988 2818 ubi
1006 2768 1132 2830 imperare
1150 2772 1215 2820 arvis

132 2840 291 2888 Frumentum
299 2838 520 2898 Pannoniae,qnod
530 2851 580 2886 non
590 2853 662 2889 seve·
686 2838 804 2885 sollicitus
828 2839 905 2898 coepit
923 2838 1040 2899 agricole,
1061 2842 1087 2886 et
1110 2841 1214 2888 interme

41 2900 45 2905 ’
131 2910 201 2967 rant,
212 2907 376 2957 vendiderunt
387 2920 394 2953 :
406 2908 432 2955 et
448 2906 562 2956 toecnnda
571 2907 661 2958 libetis
686 2906 763 2952 solum
771 2905 863 2954 vestire
872 2907 977 2966 vinetis,
985 2906 1113 2955 silvestres
1121 2909 1215 2956 animos

132 2976 270 3024 fertilitatis
286 2988 337 3024 suae
359 2974 429 3022 norit
451 2974 586 3036 invidiam3
605 2991 661 3024 narn
686 2974 826 3022 domesticis
841 2976 944 3023 mollitae
960 2975 1069 3023 cultibus
1080 2977 1212 3025 exuerunt.

130 3058 186 3106 qaas
195 3045 289 3093 solebat
298 3044 375 3092 tutior
384 3056 437 3092 esse
446 3042 555 3105 ieiunio,
566 3045 662 3094 toecnn-
715 3044 754 3091 ΞΒ.
765 3043 828 3091 Anni
838 3043 917 3104 ipsius
926 3045 985 3092 aetas
995 3043 1090 3104 prima,
1101 3059 1159 3106 qnae
1169 3059 1214 3096 nos

130 3115 208 3162 ditate
218 3115 314 3162 bostem
323 3114 350 3161 in
359 3125 385 3161 se
394 3113 660 3175 excitavitebiguriam
685 3126 731 3160 usu
741 3113 814 3173 parili
830 3113 950 3162 coloravit
964 3113 1027 3162 nutu
1040 3113 1213 3174 gignentiumr

130 3182 295 3242 venetiasque
310 3181 422 3230 autumni
442 3180 565 3230 trumenta
585 3195 662 3243 pave·
685 3182 728 3230 sed
738 3183 764 3229 in
773 3194 888 3242 processu
895 3183 1000 3242 lapsuris
1007 3181 1110 3234 floribus
1118 3185 1214 3245 vernat,

130 3250 198 3297 runt.
219 3251 280 3310 Ergo
299 3262 346 3297 nec
367 3249 412 3297 ille
434 3249 563 3310 sacrilegio
582 3262 661 3298 annus
685 3250 814 3310 postremis
832 3250 948 3299 adolescit
960 3250 1089 3300 fructibus.

45 3319 49 3327 “
131 3317 243 3377 exaruit,
260 3318 286 3366 et
301 3318 348 3366 iste
366 3318 424 3366 tidei
443 3318 567 3366 fructibus
582 3331 661 3368 annus
718 3320 757 3367 29.
777 3321 824 3367 lios
839 3331 939 3380 quoquc
957 3320 1004 3368 aevi
1022 3320 1114 3379 rudes,
1129 3302 1214 3370 sensus

131 3384 250 3433 effloruit.
259 3386 353 3445 Negent
363 3386 438 3434 etiam
446 3386 511 3447 qnod
521 3388 588 3448 largo
599 3387 660 3435 ioetu
686 3385 804 3436 trahemus
827 3387 985 3434 intantiam:
1008 3387 1053 3436 sed
1075 3389 1165 3437 mutati
1187 3389 1216 3437 in

129 3453 211 3503 vineae
219 3453 421 3501 redundaverint.
431 3455 515 3515 ltaque
524 3455 549 3502 et
557 3468 660 3504 messem
685 3468 760 3503 annos
770 3455 864 3516 ingenii
874 3456 1016 3504 rudimenta
1026 3454 1183 3516 deponimus.

129 3521 274 3569 ioeneratam
292 3521 445 3580 recepimus,
464 3522 491 3570 et
513 3521 660 3573 liberalioris
714 3523 1217 3583 50.Dicantigiturinsuisomniamanerc

130 3590 263 3638 vindemiae
273 3589 396 3638 beneficia
407 3590 570 3651 possidemus.
685 3592 797 3640 debuisse
814 3592 958 3652 principiis3
969 3591 1088 3639 mnndum
1104 3594 1217 3641 tenebris

159 3657 198 3705 21⁸.
208 3660 347 3706 Postremus
366 3660 478 3724 superest
495 3660 521 3707 et
536 3660 660 3710 maxianus
684 3660 828 3719 obductum,
839 3659 897 3719 quia
907 3659 1038 3718 splendore
1049 3659 1108 3707 solis
1123 3661 1216 3709 illuxe-

129 3728 210 3788 locus,
224 3727 306 3774 utrum
317 3739 346 3774 ea
357 3741 411 3786 quae
421 3728 491 3776 vobis
506 3729 659 3789 proluerint,
684 3728 729 3787 rit,
746 3727 886 3786 displicere.
904 3727 934 3774 at
952 3727 1044 3787 quanto
1065 3727 1159 3786 gratius
1178 3730 1217 3779 est

129 3795 441 3857 imperatores‚restituere
450 3797 560 3844 subsidia
568 3798 660 3846 debea·
683 3795 758 3843 animi
781 3795 895 3844 tenebras
912 3796 1051 3856 depulisse,
1069 3808 1145 3856 quam
1162 3810 1218 3846 cor-

129 3863 174 3924 tis;
186 3862 222 3912 ait
237 3863 304 3910 enim
314 3874 321 3908 ε
333 3862 381 3909 Vos
393 3860 544 3922 detondant,
556 3875 571 3910 a
585 3864 659 3911 nobis
683 3864 762 3925 poris3
773 3864 879 3924 ridetque
896 3864 969 3922 iubar
984 3863 1129 3927 emicuisse,
1140 3879 1217 3927 quarn
1277 3895 1280 3898 <

154 3979 164 3997 ⁸
171 3974 359 4026 Quemadmodum
364 3974 433 4014 Roma
440 3975 657 4023 perbntonornasiarn
683 3932 739 3979 solis
747 3931 757 3979 ἲ
766 3933 827 4010 ΒΨ
838 3933 863 3980 et
873 3932 960 3980 mundi
970 3931 1036 3981 sient
1054 3933 1217 4013 omnium.r⁰⁸

129 4027 234 4078 ornum
243 4033 264 4069 ct
271 4028 377 4068 Romanor
385 4027 548 4069 scordaluboc
556 4028 602 4068 loco
612 4028 657 4068 Ur·
682 4011 738 4046 rum
748 4011 866 4059 pl'llliael'a
876 4000 1009 4060 ”mmm
1019 4001 1049 4048 ut
1058 4001 1216 4050 veneramus

75 4136 77 4156 Ι
129 4079 254 4124 bicossocat
266 4082 397 4126 Ambrosius.
682 4080 749 4116 canae
765 4067 823 4116 fidei
840 4069 985 4130 sequeretur
1002 4070 1129 4120 senectus.
1147 4070 1218 4130 Quos
