2760 4800
149 384 182 431 76
533 385 663 430 SANCT!
682 385 852 430 nmnnosn

149 467 262 516 arbitrati
273 467 343 527 snat,
354 478 403 514 non
414 465 493 527 ipsum
502 478 556 514 esse
563 466 610 513 nei
620 467 682 524 Ver,
704 466 816 526 vertant,
825 464 938 526 quamvis
954 465 1154 528 exquisitissimis
1165 478 1238 530 argu·

151 536 220 583 num.
233 534 681 596 Seddenulloproplretarumdictum
705 534 816 596 mentis,
826 535 853 582 et
866 534 1001 595 phaleratis
1015 539 1171 589 sermonibus
1188 551 1238 588 uon

152 604 254 666 estquis
266 605 369 653 Verium
380 619 435 653 caro
445 605 534 664 [acum
541 608 583 653 est.
595 603 681 650 ltullns
705 605 838 662 possevin
850 604 961 653 veritatis
968 605 1066 655 obduci.

151 672 327 734 prophetarum
343 674 445 722 abstulit
464 674 565 734 peccata
584 672 678 720 mundi.
736 673 774 720 52.
797 674 827 722 nt
846 673 888 721 hic
902 674 966 722 milri
984 675 1128 736 frequenter
1142 674 1238 724 llicaeni

152 738 188 790 lle
200 742 267 790 nullo
277 743 327 790 alio
335 743 429 791 dictum
443 743 480 791 est
492 755 499 789 τ
510 745 553 790 Hic
563 745 596 790 eal
606 742 681 791 Filios
706 743 806 791 concilii
823 743 956 791 tractatum
967 757 999 792 ¹se
1015 745 1102 792 tenere
1128 744 1239 793 oommess

151 814 313 861 mcurditcctus
318 846 327 871 ,
335 814 361 859 in
371 827 416 874 qno
424 813 560 872 complacui.
567 811 605 858 ne
612 810 680 858 nullo
705 810 791 861 morat.
803 811 852 860 Sed
862 812 888 861 in
898 812 942 861 illo
952 813 1059 862 tractmu
1069 812 1239 874 patresnostri

151 883 327 942 prophetarum
338 881 681 942 legimusquodsitllominus
705 892 754 928 non
773 893 885 942 carnem,
904 881 948 929 sed
969 882 1015 929 Dei
1031 883 1142 931 Verbum
1163 882 1239 932 auius

151 951 303 1012 maiestatis,
319 952 384 1011 qnod
399 951 430 998 de
440 950 535 998 Christo
553 950 681 1010 Apostolus
705 950 846 1000 substantiae
857 964 914 999 cum
923 952 994 1000 Patre
1003 964 1056 1000 esse
1068 951 1201 1013 dixerunt3
1212 951 1238 1001 et

151 1019 218 1067 dixit
233 1022 291 1081 quia
306 1021 386 1070 ludaei
401 1021 535 1069 Dominum
546 1020 681 1080 majestatis
705 1021 813 1068 Verbum
823 1021 924 1082 quidem
934 1033 968 1070 ex
978 1021 1238 1083 patema-processisse

151 1091 336 1138 crucifixerunt.
705 1091 859 1152 substantia,¹
870 1102 974 1140 carnem
986 1095 1077 1141 autem*
1086 1103 1121 1140 ex
1133 1089 1240 1152 Virgine

180 1157 278 1222 hesed
287 1161 343 1208 dnm
352 1161 589 1222 hosredarguimns,
601 1173 682 1208 emer·
706 1167 759 1210 esse
770 1162 874 1211 confessi
890 1162 956 1210 sunt.
967 1162 1090 1222 Quomodo
1106 1161 1186 1222 igitur
1195 1163 1237 1210 lii·

150 1229 262 1291 gaulalii
274 1231 317 1292 qui
331 1238 431 1278 carnem
441 1230 542 1278 Domini
553 1229 579 1278 et
589 1228 682 1278 divini·
705 1231 766 1279 caeni
774 1232 872 1280 concilii
880 1244 970 1280 nomeu
977 1230 1238 1292 obtenditur,etnova

151 1297 227 1346 tatem
246 1299 331 1347 dicant
345 1299 418 1346 unius
436 1311 489 1346 esse
505 1299 610 1347 naturae.
622 1299 681 1356 Qnae
705 1298 868 1361 inducuntur,
878 1310 1080 1362 quae‘numquam
1090 1300 1171 1348 nostri
1182 1311 1239 1348 sen·

150 1365 681 1426 tantumsacrilegiumintemavemueruntt
705 1380 760 1416 sere
782 1369 900 1430 maiores3
920 1382 978 1418 cum
999 1370 1086 1429 utique
1101 1369 1238 1430 scripture

150 1436 204 1482 lam
212 1435 391 1484 tolerabiliores
398 1437 457 1485 sunt
464 1436 569 1497 Arriani,
578 1449 681 1498 quorum
705 1437 789 1485 dicant
798 1439 857 1499 qnia
867 1438 975 1487 Christus
985 1438 1121 1486 secundnm
1136 1449 1236 1486 carnem

151 1515 196 1562 per
214 1503 273 1552 istos
289 1504 398 1564 perfidiae
415 1505 489 1554 robur
504 1505 635 1566 adolescit3
654 1507 681 1554 ut
705 1519 789 1566 passus
800 1507 908 1567 est,non
918 1507 1052 1556 secundnm
1060 1506 1248 1555 divinitatemr*

151 1571 243 1630 maiore
258 1573 414 1622 contentione
425 1574 538 1623 adserant
547 1576 644 1624 Patrem
656 1576 682 1623 et
705 1576 838 1637 scripture
854 1576 937 1626 dicant
952 1576 1010 1638 qnia
1025 1576 1144 1637 Viraoin
1164 1576 1235 1626 utero

152 1640 242 1689 l'ilium
253 1642 278 1690 et
295 1642 414 1704 Spiritum
425 1644 537 1692 sanctum
547 1643 680 1693 nniusnon
704 1645 819 1708 accipiet,
825 1647 851 1694 et
858 1644 939 1707 pariet
945 1643 1160 1704 Filiumlncceplt
1167 1644 1236 1691 enim

152 1710 205 1758 e'sse
220 1711 375 1771 snbstantiae3
389 1714 449 1774 quia
464 1713 506 1760 isti
523 1713 680 1763 divinitatem
704 1714 837 1776 virtutem,
848 1717 874 1764 et
889 1714 988 1774 peperit
999 1713 1104 1774 lilium,
1115 1718 1194 1776 quem
1203 1721 1235 1760 ex

151 1777 250 1826 Domini
261 1781 287 1828 et
295 1793 395 1829 carnem
406 1781 549 1831 snbstantiae
558 1782 634 1832 unius
642 1782 682 1831 dl-
704 1794 730 1830 se
742 1783 795 1844 ipsa
811 1782 928 1843 suscepit.

152 1848 380 1898 ceretentaverunt.
388 1851 482 1899 Deinde
488 1865 544 1900 cnm
550 1852 591 1900 isti
597 1852 681 1901 dicant
734 1853 774 1901 ιδ.
785 1853 898 1913 Denique
912 1853 960 1900 hoc
970 1851 1047 1900 etiam
1062 1851 1164 1900 Gabriel
1178 1862 1236 1913 pro·

150 1916 209 1977 qnia
219 1917 327 1966 Verbum
338 1918 364 1966 in
373 1931 487 1981 carnem,
498 1921 614 1982 capillos,
624 1933 680 1969 san·
704 1919 758 1980 prio
768 1934 883 1969 sermone
893 1920 1002 1968 declarat
1013 1917 1097 1968 dicens
1108 1933 1116 1966 a
1131 1922 1165 1968 nt
1175 1921 1236 1982 quod

149 1985 251 2046 guinem
272 1988 299 2044 et
320 2002 373 2037 ossa
394 1987 540 2037 conversum
558 1987 610 2048 est,
626 1992 680 2038 eta
704 1987 813 2037 noscetur
829 2004 860 2036 ex
877 1993 899 2037 ic
913 1992 1034 2046 eoactum,
1053 1988 1177 2037 occubitus·
1192 1989 1236 2037 Det

150 2050 237 2103 natura
244 2057 343 2118 propria
352 2058 476 2105 mutatum
484 2059 535 2119 est3
547 2058 620 2106 datur
629 2058 680 2106 illis
704 2059 787 2106 Filias.
797 2059 838 2105 Ec
854 2060 875 2106 lc
881 2090 890 2115 ,
905 2058 1000 2118 inquit,
1011 2057 1040 2105 ut
1049 2057 1185 2104 secundnm
1193 2057 1237 2104 ho·

150 2125 218 2174 locus
227 2126 256 2173 ιιι
265 2125 434 2174 infirmitatem
446 2127 528 2176 carnis
538 2128 569 2176 ad
579 2127 681 2174 infirmi·
703 2125 797 2173 minem
804 2126 870 2187 quod
881 2138 914 2173 ex
922 2127 975 2186 ipsa
985 2126 1140 2184 nasceretur,
1148 2125 1236 2175 adver·

150 2194 227 2242 tatem
236 2188 388 2254 divinitatis,
397 2196 502 2255 quadam
514 2196 579 2245 lacta
589 2192 680 2245 diuinas
704 2195 783 2251 teres3
803 2206 873 2242 exse
885 2195 951 2241 enim
969 2194 1097 2255 generavit
1107 2193 1197 2253 Maria,
1208 2195 1236 2241 ut

148 2263 243 2312 natnrae
254 2266 405 2325 mutatione,
416 2264 588 2325 detorqueant.
704 2263 769 2324 quod
781 2263 940 2322 generaretur
957 2275 990 2311 ex
1002 2264 1070 2323 ipsa,
1081 2262 1109 2308 in
1126 2273 1156 2309 eo
1168 2262 1236 2310 salva

180 2333 219 2381 ιθ.
231 2333 292 2381 Sunt
303 2333 377 2381 etiam
388 2334 575 2394 quiintantnm
589 2333 680 2395 impie·
704 2333 869 2393 generationis
895 2333 1030 2380 Dominicae
1060 2332 1234 2392 praerogativa,

150 2401 208 2450 tatis
217 2403 367 2463 prodierint,
377 2403 406 2452 ut
416 2404 505 2464 putent
515 2405 573 2465 quia
587 2404 680 2453 divini-
704 2402 812 2462 corporis
818 2401 882 2450 esset
887 2414 947 2449 vera
955 2403 1050 2448 natura.
1059 2400 1138 2447 Sedet
1144 2403 1235 2450 Paulus

150 2470 187 2519 tas
202 2465 300 2520 Domini
315 2472 459 2522 circumcisa
473 2468 527 2535 est,
543 2473 568 2521 et
584 2472 679 2533 imper-
704 2470 765 2518 dicit
775 2483 801 2519 se
812 2469 1014 2531 praedestinatum
1025 2481 1078 2518 esse
1089 2469 1116 2516 in
1126 2471 1235 2529 evanes-

150 2537 214 2592 fecta
224 2541 254 2589 de
263 2540 372 2600 perlecta
386 2541 451 2589 lacta
467 2541 517 2601 est3
529 2543 555 2589 et
570 2541 596 2588 in
613 2543 679 2602 ligno
704 2540 823 2587 liumllei
835 2553 842 2587 ι
855 2542 1000 2602 Quadrato,
1013 2537 1104 2599 inquit,
1121 2541 1236 2598 nomiae

149 2620 199 2656 non
213 2622 282 2670 caro,
300 2610 343 2657 sed
359 2610 401 2657 illa
424 2610 551 2670 operatrix
567 2611 679 2659 omnium
702 2613 742 2658 rol
750 2624 793 2670 per
801 2609 925 2671 prophetoe
935 2610 962 2656 dc
971 2609 1031 2656 Filio
1041 2620 1098 2664 ano,
1107 2609 1148 2668 qui
1159 2608 1235 2666 {octus

149 2677 284 2727 substantia
292 2679 375 2727 divina
387 2679 414 2727 in
431 2679 512 2726 carnis
528 2681 611 2740 specie
623 2693 680 2728 coa·
703 2681 804 2727 esteten
814 2680 900 2727 semine
909 2679 985 2726 David
995 2678 1233 2725 secundumcornem.

148 2745 232 2806 gulata
246 2748 377 2808 pendebat.
389 2748 448 2808 Quis
464 2750 547 2796 antem
561 2761 611 2796 non
622 2751 680 2797 hor·
703 2747 732 2795 nt
749 2747 780 2795 ad
796 2747 911 2794 Galatas:
928 2749 1058 2806 Postquam
1077 2746 1157 2792 autem
1173 2747 1234 2792 osuit

149 2813 244 2864 rescat?
254 2817 313 2876 Quis
327 2818 411 2866 audiat
423 2817 482 2878 quia
495 2830 544 2864 non
554 2830 588 2865 ex
605 2819 679 2868 Maria
701 2818 818 2879 plenitudo
840 2817 963 2876 temporis,
981 2816 1045 2863 misit
1065 2815 1129 2860 Deos
1147 2815 1235 2860 Filium

150 2883 258 2946 virgine,
274 2887 318 2936 sed
328 2901 360 2937 ex
376 2885 459 2935 divina
474 2887 611 2935 substantia
625 2901 680 2949 pas·
702 2901 771 2936 snam
788 2887 876 2946 foetum
891 2898 923 2932 cac
938 2884 1042 2931 mulera.
1058 2882 1088 2928 nt
1103 2882 1134 2928 ad
1153 2882 1235 2929 'l'imo-

146 2953 246 3002 sihilem
263 2957 311 3004 silai
332 2968 430 3004 carnem
448 2956 536 3004 lecerit
552 2957 599 3004 Dei
617 2958 679 3005 Ver·
702 2956 788 3004 thenm
805 2953 870 3002 dixit
881 2955 987 3000 :Memor
1001 2954 1049 3000 ceto
1059 2953 1139 3000 lesum
1155 2952 1236 3000 Gloria

148 3026 304 3087 hnmiQnod
321 3027 455 3076 adserendo
464 3041 494 3076 eo
502 3028 677 3088 prolabuntur,
703 3029 752 3073 tum
770 3025 926 3074 resurrexisse
946 3022 1077 3071 amortuis
1095 3035 1126 3069 cc
1148 3022 1235 3084 scotiae

149 3095 235 3144 utnon
251 3110 284 3144 ex
298 3098 408 3156 tempore
417 3109 504 3156 corpus
516 3097 615 3143 Domini
624 3109 678 3145 essa
702 3096 788 3143 David.
1119 3113 1121 3117 v
1220 3112 1223 3117 ·

149 3163 303 3223 susceptum,
313 3165 357 3211 sed
373 3165 523 3211 coaeternum
539 3164 587 3210 Dei
597 3165 678 3211 Verbo
733 3161 772 3210 ιι.
784 3165 845 3223 Ergo
856 3175 889 3210 ex
898 3161 969 3210 nobis
979 3159 1090 3222 accepit,
1102 3158 1168 3220 quod
1178 3171 1234 3221 pro·

149 3243 247 3291 semper
262 3231 337 3280 luisse
354 3232 512 3280 contendant.
532 3291 533 3295 Ἰ
667 3267 669 3271 .
702 3233 784 3293 prium
799 3231 897 3281 offerret
911 3230 1050 3292 pannosis,
1062 3228 1092 3277 ut
1107 3241 1151 3277 nos
1166 3229 1235 3276 redi-

180 3301 219 3350 nl.
240 3303 333 3349 Horum
351 3301 461 3349 omnium
480 3300 592 3350 auctores
607 3302 677 3363 sunt,
701 3301 781 3349 meret
791 3313 823 3348 ex
838 3301 920 3348 nostro
930 3314 939 3345 ,ε
952 3300 977 3347 et
987 3297 1053 3358 quod
1062 3297 1173 3344 nostrum
1185 3309 1234 3345 non

149 3360 353 3428 qnldivlnitetem
360 3372 488 3417 etcarnem
500 3370 597 3438 Demini
607 3371 678 3419 unius
702 3371 769 3429 erat,
780 3382 813 3417 ex
823 3381 867 3416 suo
878 3368 949 3415 nobis
964 3367 1049 3414 divina
1060 3378 1103 3412 sua
1120 3365 1235 3424 largitate

149 3435 243 3484 naturae
251 3435 326 3485 luisse
334 3436 460 3485 dixerunt.
469 3438 527 3496 Legi
538 3439 605 3485 enim
613 3439 679 3498 quod
702 3436 834 3486 conterret.
845 3435 985 3483 Secundum
995 3435 1109 3481 naturam
1119 3432 1198 3492 igitur
1208 3442 1234 3479 se

148 3517 198 3553 non
209 3506 350 3564 crederem,
358 3506 406 3555 nisi
418 3507 471 3567 ipse
479 3508 593 3567 legissem
602 3521 609 3553 t
618 3509 677 3567 legi,
702 3505 792 3553 obtulit
809 3504 931 3563 nostram,
941 3502 1044 3570 ntultra
1055 3500 1166 3548 nostram
1177 3509 1235 3561 ope-

149 3575 262 3636 inquam,
278 3575 305 3622 in
320 3576 448 3635 cniusdam
463 3576 551 3624 libris·
561 3577 596 3625 sic
612 3577 678 3637 posi·
702 3573 927 3621 rareturnaturam.
937 3572 974 3619 De
984 3571 1066 3619 nostro
1077 3569 1234 3629 sacrificium,

149 3645 215 3705 tum,
226 3646 252 3694 et
262 3658 393 3707 organum,
404 3647 429 3695 et
440 3660 497 3695 eum
507 3659 521 3694 a
532 3662 580 3708 quo
594 3661 679 3696 move-
702 3643 733 3690 de
744 3654 787 3690 sno
802 3641 933 3702 praemium
946 3640 984 3688 e'st
995 3653 1002 3686 t
1014 3639 1141 3700 multaque
1154 3638 1182 3686 in
1193 3648 1235 3686 eo-

149 3712 222 3760 batnr
231 3726 360 3774 organum,
371 3716 444 3765 unius
454 3716 481 3763 in
491 3717 586 3765 Christo
602 3717 677 3765 luisse
702 3711 758 3759 dem
769 3712 795 3760 et
806 3711 941 3758 secundnm
951 3710 1065 3757 naturam
1072 3707 1235 3776 invenie⁸,'et

148 3783 250 3831 naturas.
258 3783 328 3842 Quod
339 3784 395 3833 ideo
405 3786 487 3845 posui,
498 3786 527 3834 nt
537 3799 570 3834 ex
580 3786 678 3847 scriptis
702 3783 766 3829 ultra
776 3781 898 3829 naturam.
910 3778 1059 3828 Secundum
1066 3776 1235 3824 conditionem

136 3864 239 3900 -nomen
253 3852 452 3911 deprehendatur
467 3853 586 3912 auctoris3
600 3855 626 3902 et
636 3855 678 3902 ad·
703 3851 795 3899 etenim
803 3849 910 3908 corporis
920 3848 946 3894 in
953 3849 1024 3895 utero
1034 3845 1095 3904 luit,
1103 3845 1176 3892 natus
1186 3845 1234 3904 est,

703 3919 805 3967 lactatus
814 3919 864 3977 est,
872 3916 898 3964 in
910 3915 1029 3977 praesepio
1038 3914 1076 3962 est
1086 3914 1233 3962 collocatus:

149 4052 152 4057 ,
171 4012 503 4061 ⁸1aeonmnysanrlinrumsoo.
512 4009 677 4061 fraoanpom,
703 3988 746 4035 sed
756 3998 829 4047 supra
840 3986 1006 4057 conditionem
1021 3983 1094 4042 Virgo
1105 3982 1234 4060 concepit,

149 4066 200 4106 cirac
211 4066 342 4107 Ambrosias.
704 4057 775 4111 vireo
786 4053 912 4118 generavit
921 4068 927 4100 ι
937 4055 965 4102 ut
976 4052 1088 4101 crederes
1099 4062 1157 4112 qma
1169 4051 1236 4100 Dens
