2760 4800
116 417 161 466 lia
535 406 650 452 sineri
666 404 828 450 AMBROSH

116 502 199 559 nium,
218 507 317 558 aggeres
336 492 447 549 nivium,
466 490 509 539 sed
527 488 644 549 Alpes-et
668 486 749 533 clesiae
761 485 913 533 verecundia
925 486 963 533 est
980 485 1025 532 :et
1042 485 1070 532 in
1091 487 1145 551 tarn
1163 487 1210 537 im·

117 570 205 617 fluam,
222 574 391 625 supergressa,
402 572 472 608 muro
489 571 534 606 nos
544 559 581 605 sui
599 559 644 603 ian·
668 556 763 601 matura
772 555 851 602 morte
862 555 961 613 piomm
970 555 1115 614 principum
1129 559 1210 605 omnis

116 637 180 697 perii
191 631 308 694 proterit.
322 630 390 676 Unde
401 627 540 689 prophetici
551 624 643 672 'llrreni
668 623 783 670 Ecclesiae
792 622 1053 681 moestiorpuleritudo
1064 625 1112 671 est.

117 704 178 752 milri
195 701 313 749 utendum
326 699 425 746 ridetur
444 696 546 744 exordio
563 697 644 752 τριω-
699 692 723 738 7.
734 692 815 740 Plorat
823 691 931 738 Ecclesia
940 691 967 736 ia
977 691 1137 752 sapientibus
1148 694 1209 753 suis,

117 772 187 819 modo
205 767 294 816 moeret
311 767 398 823 ltalia,
423 777 479 824 quae
504 761 645 810 abundabat
669 760 712 819 qui
723 762 793 807 velut
809 761 883 819 caput
900 761 1017 808 Ecclesiae
1036 764 1096 809 sunt
1114 776 1121 808 ε
1143 765 1210 813 Oedi

17 850 21 861 ¹
117 838 227 901 gaudiis?
243 839 344 885 Plorane
352 836 452 895 ploravit
462 836 487 880 in
494 836 568 889 nocte,
576 835 598 878 et
608 832 645 877 la·
670 830 735 876 enirn
752 832 862 890 sepinatis
876 831 988 889 incapite
1004 831 1065 889 ejus.
1079 833 1166 880 Plorat
1183 834 1209 881 in

117 909 270 969 crymoer'ltr'ns
281 908 306 952 in
314 905 418 951 macine
430 903 551 961 ejusden
562 902 645 959 catoni
669 898 762 958 oculis,
774 899 821 945 hoc
833 900 886 957 est,
904 899 930 945 in
940 899 992 945 suis
1004 901 1139 961 fidelibus3
1151 905 1208 962 quia

117 991 169 1024 cem
184 977 313 1023 consoletur
324 974 354 1019 cb
370 972 476 1019 omnibus
493 973 534 1030 qni
549 970 645 1026 diligunt
670 968 836 1026 scriptumest
849 980 856 1013 ε
869 969 935 1015 Oceli
951 970 986 1014 tut
1004 971 1066 1016 sicut
1077 973 1207 1031 columbe,

117 1059 179 1093 com.
196 1046 280 1092 Omnes
291 1043 331 1101 qni
346 1043 428 1086 amant
443 1039 523 1095 ittam,
540 1040 646 1096 despexe·
670 1041 737 1083 extre
751 1039 934 1083 taciturnitatem
946 1041 1027 1097 tnom;
1041 1051 1072 1086 eo
1084 1042 1153 1099 quod
1169 1042 1208 1089 vi-

118 1116 173 1161 rent
184 1126 245 1160 com.
266 1111 346 1159 Omnia
360 1109 458 1168 populns
472 1107 520 1165 ejus
538 1108 646 1165 ingemis—
671 1105 744 1151 deant
755 1104 915 1163 spiritaliter,
927 1106 952 1152 et
964 1107 1084 1155 noverint
1095 1122 1127 1156 ea
1136 1144 1145 1168 ‚
1154 1124 1207 1169 quar

118 1186 201 1230 centes.
671 1173 789 1230 sitierint,
800 1177 882 1219 tacere
895 1175 1023 1232 mysteria.
1032 1175 1119 1224 Plorat
1131 1179 1159 1224 in
1170 1191 1207 1226 sa-

148 1252 210 1298 um
219 1250 314 1310 quiade
322 1245 580 1295 Hierusalemdietum
593 1243 645 1291 est:
672 1242 811 1288 cerdotibus
830 1244 897 1301 suis,
918 1243 961 1300 agui
980 1245 1037 1291 sunt
1054 1247 1122 1295 sicut
1140 1262 1207 1309 genas

117 1311 359 1378 Plormrcptoraer‘lin
371 1321 448 1374 noctc;
460 1319 485 1362 et
496 1317 574 1359 nostra
588 1313 647 1357 llic-
672 1311 798 1369 Ecclesiae,
816 1311 840 1357 irr
856 1312 947 1371 quibus
963 1315 1001 1361 cst
1019 1311 1099 1362 barba
1111 1317 1207 1380 Aaron,

117 1389 238 1446 rusalem,
258 1386 345 1444 idest,
363 1385 483 1439 Ecclesia,
496 1380 602 1439 ploravit
622 1380 645 1425 in
672 1381 717 1426 troc
729 1380 775 1438 est,
788 1381 861 1427 barba
870 1383 1039 1442 sacerdotalis,
1053 1384 1081 1430 in
1092 1387 1207 1445 quamde

118 1458 203 1511 rrocte3
215 1455 330 1513 quoniam
339 1453 381 1512 qui
391 1463 444 1498 eam
456 1449 646 1508 splendidiorem
672 1450 752 1508 eapite
771 1449 899 1497 descendit
916 1454 1082 1511 unguentum.
1096 1457 1142 1503 lsti
1152 1457 1207 1504 sunt

119 1525 165 1569 lide
174 1536 217 1570 sua
226 1525 252 1569 et
260 1522 390 1569 devotione
400 1520 514 1578 iaciebat,
523 1519 646 1565 occubuit.
673 1518 697 1562 in
709 1517 798 1576 quibus
812 1522 849 1565 est
867 1520 1007 1577 pulcritudo
1026 1522 1164 1587 Ecclesiae,
1182 1526 1207 1574 ia

119 1593 204 1638 llerito
217 1603 272 1649 ergo
284 1591 381 1649 plorans
394 1589 515 1647 ploravit,
532 1589 557 1634 et
568 1588 647 1634 adhuc
672 1587 762 1645 quihus
773 1584 817 1633 ilos
829 1587 883 1644 eius
894 1587 995 1648 gratior,
1007 1589 1033 1637 in
1045 1593 1141 1651 quillus
1151 1595 1208 1644 aetas

119 1660 232 1717 laerymae
244 1659 298 1715 ejus
308 1658 333 1703 iu
345 1655 452 1702 maxillis
463 1655 526 1712 ejus.
546 1654 648 1700 Ulrerta·
672 1654 821 1713 perfectior:
834 1657 876 1715 qui
888 1657 959 1704 velut
968 1659 1074 1707 cortices
1085 1663 1207 1711 malorum
1277 1702 1280 1707 .

118 1728 170 1772 tem
186 1727 285 1785 quidem
305 1725 408 1772 fletuum
424 1724 488 1770 solet
502 1724 583 1770 vultus
600 1723 648 1768 hu·
672 1725 820 1781 punicorum
841 1724 957 1771 decorem
990 1725 1052 1774 ioris
1073 1728 1208 1788 praeieraat

72 1846 75 1853 ¹
119 1795 250 1842 messentis
258 1794 382 1840 declarare
392 1793 491 1851 inlusio,
503 1805 558 1838 curn
569 1793 648 1851 lacry-
673 1791 819 1838 abstinentia
830 1794 959 1854 corporali,
969 1793 1036 1841 intus
1044 1798 1133 1844 autem
1142 1812 1207 1847 com·

121 1865 168 1910 rnis
187 1876 255 1922 genae
276 1865 374 1922 rorant3
395 1862 438 1909 sed
455 1862 511 1921 quia
530 1861 648 1920 scripturn
673 1859 770 1907 missam
788 1860 836 1926 sibi
855 1862 954 1921 piebem
966 1863 1072 1912 diversae
1091 1867 1173 1916 aetatis
1183 1871 1208 1917 et

120 1934 170 1980 est:
181 1934 250 1980 Gerre
261 1929 588 1992 cjnesr'catpirintoecromctta
600 1930 648 1988 gig·
674 1939 748 1975 sexus
765 1929 864 1976 foveant
881 1931 1002 1990 sapientia
1021 1934 1147 1995 spiritali3
1166 1939 1208 1986 oh·

97 2000 103 2005 ”
119 2006 197 2050 arentes
211 2005 384 2062 unguentario,
403 2000 468 2046 labio
483 2000 531 2057 eius
547 2000 596 2044 tilia
612 1999 649 2043 di·
672 1997 732 2054 lecti
751 1999 851 2056 quidem
864 2001 952 2047 saeculo
969 2000 1000 2047 ad
1019 2003 1144 2066 injurias,
1159 1997 1208 2054 'sed

119 2072 231 2118 stillantia
242 2071 364 2130 myrrtmm
378 2066 649 2128 plenam3mysticaEc·
674 2063 772 2112 interna
784 2069 900 2126 mysteria
912 2069 1063 2118 dividentes.
1081 2073 1166 2123 Plorat
1182 2077 1208 2124 in

121 2140 202 2187 clesiae
219 2139 296 2201 gratia
311 2137 425 2185 dedentis
440 2135 573 2194 accipitur,
595 2148 649 2194 quae
674 2135 810 2194 virginibus
818 2136 880 2196 suis,
893 2151 948 2197 quae
962 2139 1019 2185 sunt
1030 2142 1097 2190 sicut
1108 2143 1173 2206 lilia,
1184 2149 1208 2194 et

120 2211 147 2254 in
169 2208 239 2255 obitu
266 2207 433 2254 Valentiniani
449 2206 541 2251 bonum
558 2203 649 2250 doloris
675 2201 729 2249 lilia
747 2205 846 2264 myrrha
859 2207 946 2266 plena,
957 2208 1092 2258 candorem
1104 2213 1208 2274 integri·

120 2278 158 2324 sui
175 2276 260 2324 eiludit
281 2277 450 2335 unguentum,
469 2272 494 2320 et
510 2273 585 2318 vitam
597 2273 650 2331 ejus
675 2272 745 2331 tatis,
758 2275 783 2318 et
800 2273 952 2322 mortificatae
969 2277 1104 2338 corporalis
1122 2283 1208 2332 illece-

122 2345 276 2404 praedicando
294 2342 457 2389 coucelebrat.
467 2341 511 2387 Cui
526 2354 590 2388 mors
606 2343 650 2387 ob-
675 2342 724 2388 hrae
735 2344 836 2401 gloriam
848 2346 1018 2404 preferentes.

123 2425 175 2458 esse
186 2409 334 2470 nonpotuit,
343 2422 372 2456 eo
384 2409 449 2469 quod
460 2409 518 2456 odor
532 2410 650 2468 praedica-
704 2411 727 2458 8.
738 2413 764 2456 ln
774 2411 812 2458 liis
824 2426 880 2472 ergo
889 2411 942 2473 flet,
952 2413 1018 2462 sieut
1026 2417 1149 2478 scriptum
1158 2425 1207 2472 este

120 2481 195 2528 tionis
203 2480 374 2527 universorum
385 2492 427 2526 ore
438 2479 593 2526 celebrabilis
604 2479 649 2525 ioe·.
676 2481 727 2528 Vim
740 2483 796 2528 Sion
807 2482 894 2542 lugent,
902 2486 1030 2533 sacerdotes
1038 2488 1090 2546 ejus
1100 2493 1209 2551 ingenrie-

122 2553 201 2596 torem
213 2561 310 2596 omnem
319 2549 404 2596 mortis
414 2549 530 2595 abolevit.
674 2551 729 2596 caint
734 2582 743 2606 ,
760 2550 860 2610 virgines
871 2553 919 2608 cina
929 2551 1051 2612 abductae,
1070 2561 1093 2604 et
1103 2561 1158 2618 ipen
1173 2563 1208 2609 ira.

151 2618 174 2665 6.
186 2618 240 2665 Flet
251 2618 326 2677 igitur
339 2617 447 2666 Ecclesia
459 2617 547 2677 pignus
561 2630 649 2676 suum,
674 2619 786 2678 dignator
801 2622 866 2666 intra
881 2635 913 2668 se.
929 2621 959 2668 Et
980 2622 1046 2670 iutra
1063 2638 1089 2672 se
1105 2628 1208 2688 quidem

120 2690 143 2735 ct
153 2687 262 2746 lacrymo
272 2687 321 2745 cias
331 2688 356 2734 in
368 2687 539 2744 macilliscins.
551 2688 609 2744 Quae
619 2685 650 2732 sit
674 2686 827 2747 indignatur,
844 2689 874 2735 ad
894 2690 1099 2742 Valentinianum
1123 2701 1208 2748 autem

120 2757 221 2803 maxilla
235 2755 294 2803 audi
321 2767 328 2800 t
352 2758 397 2818 ραι·
420 2759 441 2803 te
463 2758 600 2816 percusserit
624 2757 649 2801 in
675 2756 942 2828 dicittddsnmomtc,
958 2764 979 2807 et
993 2763 1106 2811 traducam
1124 2769 1150 2813 in
1167 2771 1208 2817 do-
1262 2810 1264 2814 Α

120 2825 371 2886 rnnctlmm,proebcet
381 2829 403 2874 et
414 2827 532 2886 alterarn3
544 2837 573 2872 eo
584 2824 648 2884 quod
674 2839 739 2872 mum
754 2830 838 2875 matria
857 2841 928 2885 naeoe,
944 2831 965 2876 ct
981 2831 1006 2875 r'n
1024 2836 1141 2882 accremm
1159 2841 1207 2897 cjm

120 2895 146 2941 in
157 2895 238 2942 dolore
249 2896 281 2942 sit
291 2895 403 2954 patiens,
413 2893 440 2942 ut
455 2894 579 2954 poeniteat
592 2906 649 2940 rer·
675 2907 727 2954 que
737 2896 837 2954 concepit
848 2908 893 2940 mc.
904 2897 989 2943 Polam
1001 2897 1043 2944 tibi
1052 2901 1113 2948 dabo
1125 2918 1142 2949 a
1153 2907 1207 2954 vino

120 2964 254 3011 herentem.
271 2962 389 3010 Percussa
405 2976 475 3022 eras,
490 2962 613 3022 Ecclesia,
625 2962 649 3007 in
675 2965 765 3022 operosi
773 2965 900 3024 eumenii,
912 2965 959 3012 hoc
970 2965 1016 3024 est,
1028 2969 1102 3016 multi
1114 2974 1205 3034 operis,

120 3033 284 3091 marillatua3
294 3045 349 3080 cum
358 3032 483 3079 amitteres
491 3031 633 3078 Gratianum
644 3043 651 3076 :
675 3033 747 3079 multi
756 3031 836 3080 odoris
846 3034 970 3092 unguento
981 3036 1076 3084 ailuxu
1084 3041 1206 3090 malorum

119 3102 249 3160 prebuisti
260 3102 286 3148 et
303 3101 421 3158 alteram,
436 3098 533 3159 quando
545 3099 592 3144 tibi
602 3099 650 3144 Va·
676 3100 831 3156 granatorum
846 3114 972 3160 meorum3
992 3106 1019 3151 ut
1037 3105 1107 3155 bibat
1119 3111 1205 3159 vinum

119 3170 270 3218 lentinianus
278 3171 379 3230 ereptus
390 3169 436 3215 est.
448 3168 535 3224 Merito
545 3167 592 3213 tibi
601 3179 650 3213 non
675 3168 738 3225 quod
757 3168 865 3215 laetisreat
876 3182 917 3215 cor
928 3169 1049 3230 hominis,
1069 3177 1094 3223 et
1112 3172 1207 3228 defluat

119 3239 145 3285 in
156 3253 204 3287 una
226 3240 342 3297 maxilla,
363 3237 408 3285 sed
428 3238 454 3282 in
469 3237 575 3295 utraque
593 3238 651 3284 sunt
674 3234 701 3280 in
712 3249 768 3281 curn
781 3239 899 3284 malorum
911 3242 1067 3298 granatorum
1078 3244 1206 3306 fluxus,in

120 3312 247 3370 lacrymae3
263 3309 320 3368 quia
339 3307 381 3366 pie
400 3318 542 3366 germanum
554 3305 649 3353 utrem·
674 3304 763 3363 quibus
781 3307 873 3354 multus
885 3309 910 3355 et
921 3309 1035 3357 diversus
1046 3314 1084 3360 est
1099 3313 1205 3366 tructus.

119 3393 167 3440 que
176 3380 297 3440 deploras.
308 3376 391 3422 Ploras
401 3375 486 3434 igitur,
497 3374 614 3434 Ecclesia,
625 3375 650 3422 et
674 3373 759 3421 Sermo
770 3375 836 3422 enirn
848 3379 982 3424 multorum
993 3375 1127 3443 sensuum,
1139 3386 1165 3433 et
1175 3386 1206 3433 de

119 3449 180 3496 tletu
201 3458 270 3508 genas
284 3445 335 3490 tuae
352 3442 421 3491 velut
441 3441 575 3489 liuentibus
592 3445 649 3504 qui-
674 3441 777 3490 dirersis
798 3444 932 3505 Scripturis
953 3448 1095 3509 abundans,
1124 3465 1205 3501 sermo

119 3518 222 3564 lrusdam
237 3513 370 3562 stillicidiis
389 3513 491 3573 pietatis
511 3513 646 3560 exundant.
674 3513 919 3573 Angelorum,ser1no
931 3517 1137 3575 apostolorumac
1149 3535 1205 3583 pro-

119 3585 177 3640 Quae
188 3582 245 3628 sunt
256 3579 308 3626 istac
319 3591 388 3639 genae
399 3577 530 3626 Ecclesiae?
545 3581 580 3626 De
592 3581 648 3640 qui·
673 3583 818 3641 phalarum,
830 3596 891 3642 quos
901 3597 949 3631 uno
960 3587 1031 3634 velut
1042 3589 1109 3635 corio
1120 3593 1205 3640 Eccle-

119 3652 165 3699 irus
176 3648 235 3696 alibi
247 3648 282 3695 ait
292 3648 417 3708 Scriptura
429 3662 436 3695 ε
449 3650 477 3697 Ut
489 3649 579 3696 coriam
595 3664 648 3697 ma·
673 3650 797 3698 siasarreta
806 3652 986 3712 complectitur,
995 3655 1116 3703 malorum
1122 3659 1205 3708 fluxus

120 3718 197 3765 ionem
212 3712 366 3776 monetarum
379 3729 442 3775 genoe
458 3719 512 3764 lnoe.
526 3717 580 3765 Istae
591 3720 647 3765 sunt
673 3718 710 3765 est
720 3718 885 3778 granatorum.

120 3797 189 3846 geaae
200 3784 226 3830 in
234 3783 322 3843 quibus
330 3785 392 3832 solet
402 3785 483 3833 nitere
488 3784 646 3847 verecundia,
701 3787 726 3834 9,
737 3786 829 3834 Videas
838 3788 889 3836 hace
898 3789 1088 3840 Valentinianus
1098 3792 1203 3856 integras

120 3853 260 3916 pulcritudo
272 3853 366 3912 fulgere
378 3867 384 3899 ε
397 3853 422 3900 in
442 3855 530 3912 quibus
547 3857 590 3902 aut
601 3856 646 3904 ilos
672 3858 745 3914 plena
755 3856 850 3917 gratiae,
859 3860 992 3918 respondet
1009 3874 1016 3906 =
1033 3864 1203 3912 Misericordiae

117 3923 244 3984 jurentae,
261 3921 304 3969 aut
323 3921 439 3980 perfectae
456 3922 534 3969 aetatis
549 3923 645 3983 insigne
671 3928 837 3985 Dominiqnod
852 3940 899 3973 non
916 3928 1053 3990 defecimem
1076 3934 1134 3989 gaio
1155 3945 1204 3980 non

120 3994 167 4041 est.
179 3994 207 4039 ln
217 3991 287 4039 obitu
302 3989 377 4050 igitur
388 3989 498 4037 fidelium
514 3990 646 4050 imperato·
671 3996 725 4040 runt
735 3997 901 4041 conaremmatoe
915 3999 1075 4045 miserationes
1086 3999 1146 4055 eins.
1156 4003 1202 4047 lit·

119 4073 175 4110 ram
185 4059 284 4121 quidam
295 4057 352 4108 tidei
365 4054 459 4118 pudor,
477 4057 590 4119 quadarn
601 4061 647 4107 Ec-
671 4061 765 4110 nocebit
783 4063 836 4110 ilica
853 4065 912 4112 stent
923 4065 966 4113 inae
981 4066 1110 4116 nrotntino.
1130 4068 1202 4117 llulti
