2760 4800
181 433 196 478 t
579 434 699 481 SANCTI
716 432 874 478 ltrenosn

180 513 220 563 ret
230 512 372 574 obsequium
380 549 387 573 ‚
395 526 444 561 non
452 513 493 574 qui
502 513 602 562 donaret
611 527 709 561 consor·
734 524 793 560 voro
802 524 875 572 quam
884 507 941 557 fidei
951 508 1050 566 exsules
1062 506 1198 563 abdicavit,
1210 504 1265 550 lios·

179 581 253 631 tium.
263 583 461 642 llocmysterium
467 595 581 644 magnum
589 582 708 642 est,quod
735 585 785 629 tem
797 581 878 640 ipsum
882 577 1096 639 judicem‘regum
1104 610 1111 636 ,
1120 585 1264 636 quemsem·

181 662 253 697 nemo
275 651 396 711 cognovit.
414 652 528 710 Denique
541 651 613 698 Petro
624 652 707 698 dixit:
735 663 780 709 per
788 646 1178 705 timereconsueverat,deditum
1186 641 1264 700 vidit,

182 719 249 781 Quod
274 733 315 780 eqo
344 721 405 779 tacto
424 722 450 768 44
471 722 543 768 nescis
555 753 564 778 ,
591 733 710 781 coquosccs
735 720 872 778 supplicem
883 717 991 778 recepit,
1009 716 1156 763 morientem
1167 710 1263 768 obruit,

178 788 347 848 postemlioc,
364 788 479 849 inquam,
494 788 606 836 divinum
618 790 710 849 mysto-
734 789 860 848 sepultum
886 787 1002 847 possidet.
1029 786 1136 843 Quantos
1159 794 1216 841 ergo
1239 782 1264 827 ct

179 855 247 903 rium
268 857 319 916 est,
339 857 498 916 quodetiam
518 856 560 917 qui
587 857 709 916 laverint,
735 856 1069 916 Constantinopoli,qnantos
1078 853 1201 913 postremo
1213 850 1264 898 toto

179 924 318 984 requirent.
333 927 386 973 Non
407 927 444 974 est
460 939 516 987 ergo
531 927 636 986 simplex
648 939 709 985 aqua
734 925 809 972 hodie
822 926 847 973 in
859 925 917 972 orbe
929 921 1069 971 mundasti?

180 993 286 1042 coelestis
301 995 425 1055 mysterii,
441 995 709 1056 perquamcousequi-
765 994 802 1040 l8.
827 994 878 1040 lton
903 992 1033 1039 mundavit
1057 992 1191 1046 Damasus,
1213 998 1262 1034 non

179 1073 250 1119 mur,
268 1063 296 1110 ut
316 1064 412 1123 partem
428 1075 485 1111 cum
500 1063 597 1112 Christo
615 1063 708 1110 habere
734 1057 1264 1117 mundantnmus‚noumunmntnuoro-

179 1139 328 1178 mereamur.
734 1130 799 1189 sius,
809 1142 857 1177 non
869 1125 1169 1188 mundavitGregorius⁸⁸3
1180 1126 1261 1171 nostra

210 1195 248 1243 46.
259 1198 301 1245 Est
311 1199 337 1245 et
346 1198 459 1258 quadam
469 1211 532 1260 aqua
543 1210 617 1259 (44444
626 1197 709 1246 mitta·
734 1201 800 1246 enim
809 1198 924 1256 servitia,
935 1197 978 1245 sed
987 1199 1028 1244 tua
1037 1198 1092 1244 sunt
1101 1195 1261 1242 sacramente.

178 1265 270 1312 musin
281 1268 374 1326 pelvim
390 1268 587 1326 animaenostrae5
599 1280 662 1327 aqua
677 1267 708 1313 de
733 1268 816 1326 Neque
836 1267 902 1314 euim
920 1266 1032 1312 humente
1049 1263 1103 1323 opis
1121 1263 1158 1309 est
1177 1259 1263 1308 divina

178 1333 272 1381 vellere
282 1336 307 1383 ct
317 1336 380 1382 libro
388 1335 518 1394 iudicum,
529 1348 593 1395 aqua
604 1337 634 1383 de
646 1336 708 1382 libro
733 1335 845 1381 conterre
858 1346 864 1379 :
877 1332 920 1379 sed
937 1334 1022 1390 tuum,
1039 1331 1156 1387 Domine,
1173 1341 1263 1375 munus

177 1401 337 1450 Psalmorum.
352 1404 418 1463 Aqua
432 1406 470 1451 est
485 1416 524 1450 ros
534 1403 643 1451 coelestis
654 1416 709 1450 044-
734 1402 759 1448 et
769 1402 847 1448 Patris
858 1400 910 1458 est,
922 1401 965 1460 qui
975 1400 1092 1459 loquutus
1103 1400 1140 1445 est
1151 1410 1195 1457 per
1208 1409 1262 1457 pro·

178 1469 239 1516 culi.
250 1471 342 1518 Veniat
352 1471 442 1530 igitur,
453 1473 555 1520 44044440
566 1473 640 1530 lesu,
656 1472 708 1519 haec
733 1470 832 1529 phetas,
841 1469 926 1516 diceus
936 1469 1106 1525 sEttundemde
1115 1467 1203 1526 Spiritu
1211 1478 1263 1511 uteo

178 1550 241 1599 aque
257 1539 283 1585 iu
299 1551 378 1586 meam
396 1541 514 1598 animam,
526 1542 551 1587 in
564 1553 644 1588 meam
657 1553 709 1588 car·
732 1553 799 1599 super
818 1552 909 1587 omnem
926 1551 1035 1595 caruem,
1053 1540 1074 1584 et
1089 1534 1262 1597 prophetalem

178 1618 251 1667 nem3
265 1607 378 1666 etunius
391 1608 493 1656 humore
508 1609 598 1668 pluviae
614 1610 708 1656 nostra·
731 1607 862 1666 fitiictfilioe
868 1620 957 1654 eornm.
967 1606 1012 1652 llic
1021 1607 1058 1652 est
1067 1606 1093 1652 in
1102 1607 1160 1663 typo
1168 1615 1207 1649 ros
1217 1602 1260 1662 illo

170 1688 234 1722 rum
253 1677 378 1724 convalles
396 1677 516 1723 mentium
534 1678 608 1737 atque
626 1678 707 1724 intimi
732 1678 840 1724 coelestis
852 1689 858 1722 :
870 1676 922 1723 haec
935 1675 1019 1735 pluvia
1030 1673 1184 1730 voluntaria,
1196 1671 1261 1719 sicut

178 1745 258 1792 cordis
272 1758 331 1792 arva
343 1746 500 1793 viridescant.
515 1747 620 1794 Veniant
632 1747 657 1794 in
668 1760 707 1794 me
732 1745 848 1805 legimus:
856 1746 965 1793 Ptuoiom
974 1744 1131 1792 uoluntariam
1139 1754 1262 1800 seqreqons

178 1814 305 1861 stillicidia
311 1816 368 1873 tuo,
377 1816 479 1874 gratiam
485 1815 707 1863 immortalitatem·
732 1819 794 1863 Deus
805 1815 935 1862 hereditati
943 1827 1000 1862 eooe.
1011 1814 1062 1859 llon
1073 1812 1139 1858 enim
1155 1809 1262 1868 Spiritus

178 1883 350 1940 querorautia.
358 1882 707 1944 Dilueqressusmentismeae,
732 1884 829 1930 sanctus
840 1883 882 1929 aut
892 1881 1006 1942 potestati
1018 1881 1107 1927 alienae
1118 1879 1155 1926 est
1166 1877 1262 1934 subjec-

177 1961 210 1997 ne
228 1951 320 1998 iterum
338 1964 447 2011 peccem.
467 1952 545 1998 Ablue
563 1953 640 1999 animi
658 1954 707 2000 mei
732 1952 897 2012 tusautjuri3
909 1952 952 1999 sed
963 1949 1141 1998 suaelibertatis
1156 1947 1261 2004 arbiter,

178 2020 320 2099 calcaneum
331 2019 356 2079 ³,
371 2023 399 2068 ut
413 2023 502 2081 possim
517 2022 616 2069 abolere
633 2023 709 2070 male·
732 2022 813 2068 omnia
831 2033 875 2081 pro
896 2020 1041 2068 auctoritate
1060 2017 1164 2078 propriae
1175 2016 1261 2064 volun

178 2087 286 2147 dictum3
296 2094 329 2136 ne
342 2102 448 2137 morsum
459 2091 580 2149 serpentis
590 2091 708 2139 interiore
733 2090 789 2137 tatis
806 2088 933 2148 dividens,
952 2086 1016 2136 sicut
1028 2087 1147 2146 legimus,
1159 2081 1262 2143 singulis

177 2157 241 2216 pede
250 2158 369 2217 seutiam,
382 2159 424 2206 sed
435 2158 559 2217 sicutipse
568 2159 661 2218 iussisti
671 2174 710 2208 se·
732 2159 805 2219 prout
812 2158 874 2206 vult.

178 2228 315 2285 quentibus
323 2228 560 2294 te,utserpeuteset
568 2229 709 2288 scorpiones

178 2294 708 2358 illaesopossimcalcarevestigio.Redemistl

177 2363 297 2478 {nu-udum
304 2397 312 2424 ,
320 2366 414 2414 redime
421 2364 495 2413 unius
504 2365 611 2415 animam
622 2381 710 2427 pocca-

190 2443 248 2480 ons.

210 2502 248 2548 47.
258 2504 315 2551 llaec
324 2505 360 2552 est
370 2503 484 2563 specialis
492 2504 540 2554 tuao
548 2507 709 2566 prerogativa

113 2608 117 2615 .
179 2568 293 2630 pietatis,
304 2585 351 2631 qua
359 2574 437 2620 totum
446 2574 564 2622 mnndum
574 2574 709 2635 iusiugulis

179 2637 316 2686 redemisti.
328 2640 391 2688 Elias
401 2640 432 2687 ad
443 2653 516 2688 444444
527 2643 615 2690 missus
626 2644 663 2689 est
672 2641 710 2688 vi·

180 2705 274 2765 duam,
295 2707 394 2755 Elisaeus
415 2709 542 2756 mundavit
563 2722 641 2756 unum
658 2721 665 2754 4
681 2710 709 2755 44

178 2774 266 2833 nobis,
283 2775 385 2822 Domirte
400 2776 471 2835 lesu,
486 2777 530 2824 hos
546 2777 620 2824 hodie
639 2775 709 2823 mille

179 2845 312 2892 mundasti.
321 2846 427 2902 Qttentos
436 2846 463 2892 in
469 2847 530 2894 urbe
537 2848 709 2907 Roma,qnau-

958 2231 1030 2240 ,-.--

893 2265 897 2271 Ι
911 2305 1038 2359 CAPUT
1049 2304 1076 2354 1.

734 2406 896 2453 Argumentum
912 2413 977 2442 suum
996 2411 1104 2452 aggressus
1123 2396 1262 2440 Ambrosius,

755 2461 907 2507 imperatorem
918 2484 924 2504 ,
937 2468 988 2498 curn
1009 2461 1096 2505 propter
1114 2455 1192 2497 fidem,
1213 2455 1261 2488 tum

755 2516 843 2561 propter
852 2512 959 2549 Basilicam
971 2512 1068 2548 Ecclesiae
1078 2510 1197 2546 restitutam
1210 2505 1261 2540 lau-

756 2567 790 2604 dat
799 2577 804 2604 4
815 2566 866 2603 irinc
875 2566 912 2602 ubi
920 2565 973 2602 dixit
982 2564 1122 2606 adversarios,
1131 2560 1147 2597 si
1156 2559 1261 2605 Spiritum

755 2623 853 2657 sanctum
863 2618 944 2655 servire
956 2616 1080 2664 negaverint
1087 2641 1093 2659 ,
1101 2614 1153 2661 quin
1163 2613 1188 2648 sil
1198 2621 1262 2657 super

755 2674 838 2718 omnia,
852 2672 941 2708 diffiteri
953 2680 996 2706 non
1005 2679 1073 2717 posses
1087 2668 1144 2703 addit
1156 2665 1262 2713 Spiritum

755 2726 869 2772 cumdem,
879 2735 931 2763 cum
941 2724 1007 2761 dixit:
1019 2723 1111 2760 Universa
1119 2723 1204 2759 servient
1214 2719 1251 2756 tibi
1256 2743 1261 2757 .

754 2791 775 2819 sa
787 2781 802 2816 's
811 2780 903 2816 innuisse
914 2778 1039 2816 acreaturis
1049 2788 1070 2814 se
1079 2775 1172 2824 separari
1185 2784 1191 2810 ι
1205 2770 1263 2821 quod

755 2835 800 2872 alius
808 2843 895 2882 quoque
905 2831 1029 2871 testimoniis
1037 2830 1166 2870 adstruitur.

179 2912 218 2961 ‘⁰³
238 2913 412 2974 4419144414Ῑῆ
434 2917 537 2975 quantos
557 2914 709 2974 Anti⁰⁰hiaei
764 2925 803 2973 ts.
813 2925 870 2972 Non
881 2935 937 2982 erqo
954 2923 1018 2970 inter
1030 2920 1124 2977 omnia,
1135 2915 1178 2963 sed
1188 2926 1263 2972 super

179 2985 283 3063 quantos
306 2984 381 3031 eiiam
404 2983 627 3043 C⁰ss⁸t²¹¹fi¹l0l³⁰¹l³
650 2985 709 3030 Nam
733 2995 813 3041 omnia
820 2991 1027 3052 Spiritussanctus
1036 2989 1082 3033 est.
1091 2983 1221 3031 tamenim
1231 2982 1262 3027 ‹le

180 3051 482 3130 ettamncoustantinopolis
491 3053 541 3110 jam
553 3052 709 3101 Deiverbum
733 3074 761 3108 ρο
783 3060 917 3121 (quoniam
933 3061 968 3103 ita
983 3057 1056 3116 plene
1073 3055 1103 3100 de
1120 3053 1166 3099 nei
1185 3051 1262 3108 illio,

179 3122 290 3199 tectim)
301 3121 327 3199 0}
341 3121 466 3200 9441441444
478 3119 568 3166 Μθωῑῑ
578 3118 621 3194 'tui
634 3119 709 3165 (1⁰⁰1l·
733 3121 1262 3183 clementissimelmperator,instructusos,

180 3189 367 3268 mellidiudfflli·
379 3189 475 3236 Etenim
486 3186 603 3247 lutmdffl
613 3198 708 3263 4404444413
732 3199 760 3243 44
779 3197 831 3255 ipse
844 3194 897 3252 iam
912 3190 1017 3254 doceas)
1028 3224 1035 3249 ,
1048 3191 1190 3250 cupientem
1201 3189 1225 3234 te
1238 3190 1263 3233 et

179 3256 337 3336 limianorum
353 3257 404 3334 suis
413 3256 512 3335 40444444
524 3255 709 3332 inclusavtsce-
733 3264 874 3324 exigentem
900 3263 985 3310 audire
1007 3260 1102 3320 aliquid
1123 3258 1263 3317 expressius

179 3325 263 3384 filius,
275 3327 347 3372 bellis
357 3324 469 3371 finitimis
485 3321 610 3381 issqllleta,
626 3332 709 3367 muros
733 3345 782 3379 non
789 3333 914 3391 morabon
927 3330 1063 3390 pfaesefflm
1072 3341 1128 3375 cum
1140 3328 1174 3374 ita
1184 3328 1208 3373 te
1220 3325 1263 3371 aql.

180 3387 617 3441 armiscircumsonabathostilibus“.
625 3388 708 3434 Postea
739 3407 1267 3426 .......-..-.----

182 3485 709 3510 -———-————-
734 3467 827 3504 cendum
840 3464 1006 3510 curandumque
1020 3460 1126 3498 afflictum
1137 3456 1202 3492 illum
1211 3463 1263 3500 gre-

168 3501 173 3581 !
204 3530 281 3568 'Vide
290 3534 341 3566 torn.
349 3529 372 3572 d,
385 3527 408 3563 de
417 3525 530 3571 Mysteriis.
544 3533 565 3560 n.
574 3524 607 3559 52.
734 3529 782 3566 qem
792 3521 877 3555 vocatus
884 3521 913 3556 est
924 3517 949 3554 ab
958 3514 1081 3553 orthodoxis
1093 3508 1212 3556 Greqorius
1221 3507 1264 3542 Na-

204 3582 326 3620 ·'Videtur
346 3580 382 3616 tric
398 3577 490 3615 indicari
504 3573 710 3621 Constantinopolim
734 3573 850 3609 rianzenus.

183 3639 300 3682 antequam
317 3631 639 3677 nerianosejieeret.perpetue
651 3629 712 3663 metu
755 3625 895 3662 'Gothorum
903 3631 968 3669 repes,
976 3622 1044 3668 spreta
1054 3616 1108 3664 repis
1117 3613 1267 3662 appellatione,

183 3691 270 3738 proptor
278 3686 402 3724 Gothorum
410 3684 474 3720 etiem
483 3680 713 3727 uicinalocapopulan-
744 3679 815 3716 udices
831 3678 872 3714 dici
885 3674 998 3712 malebant.
1012 3670 1168 3712 Athanaricus,
1180 3666 1205 3702 de
1222 3676 1265 3712 qno

183 3741 240 3780 tium
250 3740 380 3776 incursiones
392 3736 508 3784 trepidasse.
522 3734 563 3772 llas
575 3737 647 3771 autem
658 3733 713 3770 cala·
743 3732 771 3769 tic
780 3732 865 3777 aqitur,
874 3736 964 3765 suorum
978 3724 1068 3761 lectione
1075 3721 1154 3769 pulsus,
1167 3717 1267 3763 magnin-

184 3796 268 3833 rnilates
277 3794 402 3831 Ambrosius
411 3791 488 3828 haeresi
504 3790 604 3828 Arrianae
618 3791 713 3834 exceptas
736 3785 875 3822 tentissimea
890 3778 1008 3817 'theodosio
1025 3775 1109 3823 longius
1126 3774 1163 3821 ipsi
1179 3771 1265 3832 04444444

185 3848 259 3887 relect.
268 3847 378 3895 Siquidem
393 3849 504 3894 postquam
513 3844 534 3880 in
549 3842 609 3880 Pauli
619 3841 712 3888 patriar·
736 3837 862 3887 procedente
878 3831 1082 3878 Constantinopolim
1100 3829 1198 3875 exceptus
1206 3824 1247 3860 4444
1260 3829 1267 3857 t

185 3901 232 3941 chae
239 3909 390 3950 persummam
399 3899 500 3945 injuriam
509 3896 611 3942 dignitate
617 3905 653 3932 sua
661 3904 713 3930 exu-
736 3903 801 3942 quem
811 3889 873 3928 breui
882 3890 925 3937 post
931 3885 1011 3923 ibidem
1020 3884 1063 3922 lato
1072 3877 1264 3920 defunctumidem

186 3957 279 3996 tlsedem
287 3958 382 3994 intrusus
390 3953 432 3991 luit
440 3951 539 3990 Eusebius
544 3948 713 3995 Nicomediensis,
737 3948 852 3994 imperator
862 3952 923 3981 more
934 3941 995 3990 piene
1004 3938 1062 3987 reple
1070 3933 1216 3986 sepeliendum
1223 3938 1266 3966 cu-

186 4013 283 4050 eamdem
292 4011 405 4049 Ecclesiam
416 4008 460 4046 lere
468 4016 506 4054 per
514 4013 580 4042 annos
590 4004 616 4041 40
625 4012 713 4049 occupa·
737 4000 807 4037 ravit..

188 4070 242 4105 runt
256 4063 390 4114 perditissimi
403 4060 500 4099 herettct
516 4068 540 4097 ac
552 4056 713 4101 heresiarches
759 4034 1267 4111 ‘¹Memoratsecumopiscoposllom.,llexands

188 4118 258 4169 quoad
265 4118 358 4179 extincto
374 4115 463 4157 vatente
472 4113 613 4162 inperatore,
624 4109 651 4148 ad
666 4119 712 4158 pss-
737 4109 757 4148 et
769 4107 854 4153 Nyssen.
