2760 4800
170 412 216 462 mo
547 412 672 459 sanem
691 409 869 472 nunaostr

167 510 244 559 quam·
261 498 282 546 sl
302 497 357 557 quis
372 494 466 555 reiicit,
483 495 635 557 desperatam
654 494 692 542 sui
720 506 769 556 quo
779 506 786 540 ι
797 504 845 542 nee
854 502 963 554 pauper,
974 489 1018 551 qui
1031 500 1081 538 non
1092 485 1248 551 indigetitee

168 565 249 626 prodit
265 565 378 612 salutem.
390 564 420 611 ut
439 562 495 611 ideo
508 565 574 611 eirca
591 575 632 611 eos
651 562 694 624 qui
720 563 848 624 quisquam
863 561 962 610 viduam
973 559 1082 619 spernat,
1094 561 1246 610 circumseri-

167 633 234 694 gravi
244 632 328 680 ulcere
340 632 474 692 vexantur,
490 634 561 685 utere
578 633 632 679 oleo
643 644 695 679 ser·
720 631 762 679 bat
772 632 905 691 pupillum,
913 628 1010 677 fraudet
1020 628 1165 690 proximum
1173 640 1247 678 suan.

166 702 259 762 monis,
279 716 327 763 quo
342 703 426 750 foveas
447 702 536 750 mentis
553 701 693 749 duritiam:
720 698 762 747 Vae
782 700 848 748 enim
871 698 927 759 illi,
944 698 988 758 qui
1010 698 1186 759 congregatam
1200 698 1247 746 dolo

166 784 260 831 appone
275 773 407 832 malagma,
418 770 524 832 adiunge
541 770 695 831 alligaturam
719 769 795 817 babet
804 766 1015 826 substantiam,et
1024 765 1052 813 in
1063 766 1186 827 sanguiue
1196 767 1248 814 edi-

166 841 278 889 salutaris
296 842 431 903 praecepti3
450 843 478 889 ut
498 852 571 901 vagos
588 841 614 887 et
631 839 694 888 liue-
719 836 776 884 fient
791 837 931 896 civitatem,
942 835 1033 896 idest,
1044 836 1156 897 animam
1170 837 1246 884 manti

166 911 263 959 tuanies
290 911 355 959 ‘eirca
381 911 469 972 fidem,
497 911 535 957 vel
558 908 693 968 disciplinae
719 906 776 955 Haec
799 906 836 954 est
854 906 935 966 enim,
956 917 1011 966 quar
1030 903 1171 952 edificatur
1190 906 1247 953 siem

165 979 509 1039 observantidmnequaquam
521 979 600 1025 soluto
612 979 694 1026 animo
719 976 815 1023 civitas.
834 976 903 1023 Hane
927 975 1055 1023 civitatem
1073 986 1127 1021 nou
1149 972 1247 1042 acdificat

165 1046 191 1094 et
201 1046 302 1094 remisso
311 1047 393 1107 vigore
402 1047 503 1106 patiaris
510 1045 601 1106 perire.
718 1044 836 1104 avaritia,
855 1043 899 1092 sed
918 1041 1025 1091 destruit
1046 1054 1054 1088 a
1075 1054 1130 1089 non
1148 1040 1248 1091 aedificat

195 1116 218 1164 8.
234 1115 343 1164 Admone
365 1116 442 1175 igitur
456 1115 559 1175 plebem
580 1114 692 1174 Domini,
719 1112 808 1171 libido,
824 1112 869 1161 sed
884 1111 969 1160 exurit
987 1111 1061 1171 atque
1073 1110 1197 1158 incendit.
1208 1110 1247 1161 vn
1270 1161 1273 1166 ,

166 1185 238 1245 atque
250 1185 360 1244 obsecra,
373 1185 402 1231 ut
413 1183 523 1231 abundet
538 1183 565 1230 in
577 1183 693 1243 operibus
718 1182 782 1230 bene
802 1181 922 1230 aediiicare
944 1178 1089 1229 civitatensi
1112 1180 1197 1229 Melias
1217 1182 1248 1231 oa

165 1252 247 1311 bonis,
256 1250 382 1301 renuntiet
394 1252 502 1312 tlagltiis,
515 1263 566 1298 non
576 1252 693 1300 accendat
717 1253 827 1311 esionam
838 1264 891 1298 eom
902 1252 946 1298 Dei
957 1252 1049 1308 umore,
1058 1261 1135 1310 paam
1146 1248 1247 1300 aimei

164 1319 316 1368 flammarum
324 1320 448 1378 incendia,
454 1332 502 1366 non
513 1319 593 1367 dicam
603 1321 630 1367 in
638 1320 692 1366 sab-
717 1323 798 1380 menni
806 1322 855 1368 aine
870 1322 961 1368 timore.
973 1318 1075 1379 Divitiae
1096 1319 1206 1387 bominis
1219 1318 1248 1383 ad

165 1388 278 1447 boto,sed
287 1387 386 1434 inomni
395 1389 558 1446 tempore3ne
567 1387 693 1435 comburat
717 1387 895 1435 redemtionem
905 1387 994 1435 animae
1006 1386 1101 1434 debent
1111 1387 1246 1451 promere,

164 1469 251 1515 eorpus
261 1469 332 1502 suum
343 1469 350 1500 a
362 1455 492 1503 fornicatio
501 1457 526 1503 et
536 1456 692 1504 immunditia
716 1470 765 1503 non
783 1457 814 1503 ad
842 1455 1043 1504 destructionem.
1063 1455 1094 1503 nt
1116 1455 1247 1507 thesaurus

163 1524 256 1571 nonsit
269 1525 295 1571 in
306 1523 351 1571 Dei
363 1526 483 1586 servulis3
494 1526 552 1587 quia
571 1526 691 1574 immacu·
716 1524 901 1583 redemtione,
914 1524 934 1571 si
949 1524 1005 1584 quis
1021 1535 1051 1572 eo
1062 1524 1130 1572 bene
1147 1526 1246 1575 ntatura

164 1593 213 1640 lato
223 1592 343 1641 servimus
359 1593 405 1640 Dei
415 1594 487 1641 Filio,
503 1595 605 1642 Noverit
615 1608 690 1643 unus·
716 1594 742 1640 et
759 1593 849 1641 iterum
866 1594 969 1655 laqueus
981 1591 1033 1650 eat,
1044 1593 1066 1641 sl
1082 1592 1142 1655 quis
1157 1594 1194 1642 uti
1205 1606 1246 1643 na·

163 1661 265 1720 quisque
276 1674 316 1719 se,
328 1663 354 1708 et
364 1674 406 1709 vas
417 1662 540 1722 possideat
550 1675 631 1723 suurn,
642 1677 691 1724 quo
715 1661 785 1708 sciat.
794 1661 859 1719 Quid
869 1661 936 1708 enim
955 1660 1051 1707 bomini
1068 1663 1180 1721 pecunia
1192 1674 1245 1724 sua,

162 1729 263 1776 subacto
293 1730 399 1789 quodam
425 1731 463 1777 sui
491 1731 598 1791 corporis
625 1734 690 1792 solo,
716 1728 1247 1794 nisiquoddamviatieumesiibiullaonerl,

163 1799 255 1845 tructus
264 1800 391 1859 exspectet
401 1799 507 1858 debitos,
517 1811 563 1847 nec
574 1799 656 1858 spinas
664 1799 690 1847 et
715 1798 839 1846 moderata
860 1797 926 1844 usui.
947 1797 1062 1845 Viatores
1082 1810 1172 1853 sumus
1192 1799 1246 1848 vita

163 1867 265 1914 tribulos
273 1868 297 1914 ei
307 1868 370 1914 terra
382 1879 425 1914 sua
432 1868 563 1928 germinet,
572 1868 616 1915 sed
624 1868 690 1916 dicat
715 1865 789 1923 buius
800 1880 807 1911 a
820 1867 893 1913 multi
904 1865 1046 1925 ambulant,
1061 1865 1108 1913 sed
1124 1879 1186 1926 opus
1197 1867 1246 1928 est,

163 1936 189 1983 et
199 1936 267 1994 ipse:
280 1937 355 1983 Terra
365 1936 425 1983 <ledit
436 1936 526 1994 fruetur
536 1951 603 1997 snos3
615 1938 689 1997 atque
714 1936 742 1982 ut
753 1934 808 1995 quis
827 1935 891 1982 bene
912 1934 1036 1992 transeat3
1048 1944 1106 1982 eum
1123 1934 1166 1983 illo
1181 1935 1245 1984 enim

162 2002 188 2047 in
198 2002 242 2049 bac
253 2001 353 2048 dumosa
361 2002 483 2062 quondam
493 2002 634 2061 passionum
641 2002 689 2050 tra·
715 2004 751 2050 est
769 2004 887 2050 Dominus
903 2002 988 2062 lesus,
1005 2004 1050 2065 qui
1064 2002 1132 2052 bene
1148 2005 1243 2054 musta

161 2070 256 2128 gilitate
267 2069 367 2117 insitiva
376 2069 495 2118 virtutum
507 2070 642 2118 eitloreani.
714 2072 820 2131 ideoque
837 2071 898 2131 legis
914 2074 958 2120 :si
967 2075 1074 2120 transeas
1088 2086 1243 2136 pmoqama,

191 2137 215 2185 9.
227 2138 305 2184 Edoce
315 2137 390 2184 etlam
401 2138 475 2196 atque
489 2138 591 2185 institue
599 2172 606 2197 ‚
615 2138 643 2185 ut
651 2138 688 2185 ta·
714 2144 788 2187 tecum
808 2154 876 2200 ειιηις
887 2142 988 2199 flumina
1007 2144 1242 2201 recommemorent,

162 2207 228 2253 ciant
238 2205 302 2266 quod
313 2206 404 2253 bonum
420 2207 470 2266 est,
486 2206 510 2253 et
521 2207 687 2266 unusquisque
713 2221 754 2255 nee
763 2209 822 2266 ionis
832 2208 915 2256 exuret
925 2211 1060 2257 vestimento
1068 2211 1127 2268 tue,
1137 2213 1160 2259 si
1168 2215 1243 2261 trans-

160 2287 210 2321 non
221 2273 369 2320 intermittat
382 2287 442 2332 opus
456 2274 583 2334 probabile
593 2307 601 2333 ,
610 2275 688 2322 sivea
712 2289 760 2324 cca.
771 2276 818 2334 Qui
833 2276 916 2323 autem
932 2276 1015 2336 ignem
1037 2276 1126 2338 alligat
1145 2279 1173 2326 in
1191 2286 1243 2327 eor-

161 2343 272 2402 pturibus
279 2341 402 2401 videatur,
411 2343 463 2390 sive
474 2343 529 2390 sine
540 2343 631 2390 arbitro
642 2344 687 2404 sit;
713 2340 771 2403 pore
782 2357 834 2402 suo,
841 2345 925 2404 ignem
936 2345 1055 2404 libidinis,
1064 2345 1149 2405 ignem
1158 2346 1243 2395 immo·

160 2410 268 2457 abundat
278 2409 345 2456 enim
357 2408 403 2455 sibi
422 2410 532 2470 locuples
548 2411 619 2459 testis
630 2425 688 2461 eon·
712 2412 772 2460 dicae
783 2413 934 2473 cupiditatis,
942 2426 992 2460 non
1002 2414 1100 2474 transit,
1109 2416 1152 2463 sed
1161 2416 1243 2463 exurit

160 2478 274 2525 scientia.
712 2483 865 2530 involucrum
886 2482 952 2531 istud
964 2484 1053 2532 animae
1069 2497 1130 2533 suae.
1141 2486 1243 2534 Praecla·

194 2546 230 2593 lo.
250 2545 337 2605 Fugiat
359 2546 434 2593 etiam
456 2547 520 2595 mula
540 2549 686 2610 opprobria3
711 2552 761 2599 rior
771 2554 808 2599 est
816 2553 879 2600 bona
888 2553 1121 2616 existimatioquam
1129 2555 1242 2615 pecunia,

161 2615 257 2663 etiarnsi
273 2627 299 2661 se
318 2616 402 2664 credat
415 2628 464 2662 non
478 2629 547 2675 posse
562 2619 685 2668 convinci.
712 2620 737 2667 et
756 2632 830 2679 super
847 2633 932 2668 omnes
948 2622 1043 2680 argenti
1057 2635 1161 2671 acervos
1180 2624 1242 2682 bona

159 2686 218 2731 Nam
230 2684 276 2731 etsi
285 2683 571 2746 claususparietibussit,
580 2689 606 2735 et
615 2701 687 2749 oper·
712 2689 749 2735 est
768 2689 854 2748 gratia.
876 2690 947 2737 Fides
965 2692 1018 2750 ipsa
1039 2691 1151 2738 abundat
1180 2691 1241 2751 sibi,

159 2757 199 2802 tus
210 2753 334 2813 tenebris,
353 2753 406 2801 sine
418 2755 496 2814 teste,
506 2756 561 2803 sine
573 2759 686 2817 eonsci03
711 2757 770 2804 satis
777 2769 899 2819 superque
908 2772 983 2806 censu
991 2772 1034 2807 suo
1043 2760 1124 2808 dives.
1131 2760 1241 2820 Sapienti

159 2822 234 2870 babet
242 2824 325 2869 tamen
335 2820 393 2869 iacti
404 2823 610 2885 arbitrum‚quem
622 2827 687 2875 nihil
710 2838 808 2886 quoque
818 2827 882 2874 nibil
891 2828 1009 2888 alienum,
1020 2830 1069 2876 uisi
1078 2830 1146 2890 quod
1156 2830 1240 2880 virtuli

160 2892 241 2953 fallat,
256 2891 286 2937 ad
304 2891 457 2951 quemfacta
473 2895 684 2956 olamantomnia.
711 2897 872 2957 incongruum
894 2911 900 2944 a
921 2911 1074 2958 quocumque
1094 2901 1242 2959 accesserit,

159 2961 270 3021 Denique
285 2960 402 3010 clamavit
413 2963 439 3010 et
448 2976 498 3010 vox
509 2965 642 3025 sanguinis.
654 2967 685 3014 Se
711 2965 822 3013 inveniet
832 2979 876 3014 sua
886 2967 976 3013 omnia.
985 2967 1059 3015 Totus
1070 2968 1179 3015 mundus
1188 2981 1241 3028 pos·

158 3029 238 3089 ipsunt
255 3029 422 3090 unusquisque
444 3031 469 3078 et
487 3032 596 3079 animum
613 3047 685 3082 suurn
710 3033 784 3080 sessio
800 3033 854 3091 ejus
866 3035 918 3093 est3
933 3033 1051 3094 quoniam
1063 3035 1115 3082 toto
1127 3047 1156 3083 eo
1168 3036 1239 3096 quasi

158 3098 387 3156 severumjudicem
400 3099 453 3158 sui,
462 3100 568 3147 ultorem
576 3104 685 3164 sceleris,
710 3115 755 3150 suo
768 3103 856 3150 utitur.
1027 3112 1029 3118 '

158 3165 184 3213 ot
199 3166 323 3213 vindicem
341 3166 451 3214 criminis
470 3169 555 3216 babet.
572 3170 685 3231 Denique
741 3171 779 3219 la.
794 3172 858 3229 Quid
876 3172 951 3233 igitur
962 3174 1173 3223 circumscribitur
1192 3175 1240 3225 fra-

157 3234 247 3282 timens
258 3235 284 3281 et
294 3235 403 3282 tremens
414 3235 542 3284 oberrabat
552 3239 621 3297 Cain,
630 3253 686 3299 par·
709 3237 762 3286 terr
773 3239 833 3300 quid
850 3240 978 3289 fraudatur
994 3243 1178 3291 mercenarius?
1187 3246 1240 3292 Non

157 3302 275 3349 rieidialis
289 3301 404 3351 facinoris
422 3305 494 3351 luens
504 3318 603 3366 poenas;
621 3309 649 3355 ut
661 3309 685 3356 ei
710 3317 810 3364 magua,
821 3305 916 3366 inquit,
932 3307 999 3354 lucra
1011 3306 1042 3354 de
1060 3309 1177 3356 mercede
1188 3323 1240 3356 me·

158 3370 268 3417 remedio
285 3383 329 3417 sua
347 3384 411 3418 mors
429 3371 518 3432 tuerit,
530 3388 585 3434 quae
597 3389 685 3436 vagum
710 3373 823 3432 retricis,
836 3373 861 3419 id
876 3377 931 3433 est,
951 3374 1053 3423 lubricae
1064 3376 1136 3424 istius
1146 3376 1239 3438 tragili-

158 3439 269 3485 exsulem
278 3437 463 3499 formidatoper
472 3444 553 3488 omnia
561 3447 684 3494 momenta
709 3441 774 3487 tatis.
786 3442 905 3489 lleretrix
923 3443 970 3490 ista
981 3456 1029 3491 non
1046 3445 1182 3506 specialis,
1198 3447 1238 3494 sed

157 3508 250 3554 terrore
278 3508 376 3568 mortis,
405 3521 450 3568 per
476 3513 578 3558 mortem
604 3515 682 3563 exuit,
709 3511 810 3569 publica
821 3512 937 3559 estanon
948 3523 997 3559 una
1007 3513 1110 3572 mulier,
1122 3515 1168 3562 sed
1178 3525 1238 3574 rapa

157 3573 231 3620 Nemo
242 3572 367 3633 igiturvel
385 3575 464 3635 solus,
476 3578 517 3625 vel
535 3591 591 3625 cum
607 3582 684 3628 altero
709 3579 788 3626 omrris
807 3580 929 3638 cupiditas
948 3580 1068 3628 meretrix
1085 3582 1133 3629 est.
1155 3583 1237 3631 Omnis

157 3641 250 3700 aliquid
265 3642 337 3702 turpe
348 3644 391 3690 aut
402 3643 539 3704 improbum
550 3647 622 3694 inxit.
633 3649 684 3696 Etsi
708 3647 825 3708 pertidia,
835 3649 914 3695 onrnis
925 3648 1022 3696 fallacia
1040 3651 1177 3710 meretrix,
1188 3663 1237 3698 non

158 3709 212 3769 quis
232 3711 296 3757 solus
315 3713 368 3770 ost,
387 3724 413 3759 se
428 3713 508 3772 ipsum
525 3718 684 3775 praecaeteris
709 3717 750 3763 illa
761 3717 826 3775 sola,
838 3731 893 3777 quae
911 3729 999 3778 corpus
1009 3718 1137 3777 prostituit
1152 3732 1236 3778 suum3

158 3777 299 3838 erubescat,
308 3792 383 3838 quem
392 3783 500 3830 maximo
510 3783 583 3830 debet
592 3786 682 3832 vereri.
708 3785 752 3832 sed
763 3786 841 3833 omnis
852 3786 934 3833 anima
949 3799 1004 3847 quae
1014 3799 1082 3846 spem
1098 3800 1169 3835 suam
1180 3800 1238 3836 ven-

188 3847 226 3894 ll.
237 3846 286 3894 Nec
295 3849 449 3906 concupiscat
461 3851 580 3910 plurima,
590 3853 647 3910 quia
659 3855 684 3902 et
709 3853 760 3913 dit,
769 3867 823 3915 quae
834 3855 956 3903 deformes
966 3856 1073 3916 quaestus
1088 3856 1115 3903 et
1130 3857 1236 3918 degene-

126 3958 128 3963 .
157 3927 234 3976 pauca
244 3915 268 3964 ei
279 3915 384 3975 plurima
393 3917 604 3976 sun13paupertns
616 3921 683 3967 enim
708 3932 760 3968 rem
775 3922 864 3983 stipem
881 3925 978 3983 quaerit.
990 3926 1019 3972 Et
1029 3937 1073 3971 nos
1089 3928 1236 3973 mercenarii

157 3986 183 4034 et
202 3997 260 4048 opes
277 3985 367 4045 inopiae
382 3986 408 4032 et
425 3985 546 4033 satietatis
565 3987 683 4035 voeabula
708 4003 791 4038 sumus
801 3992 883 4052 quiad
893 3993 1031 4041 mercedem
1044 3993 1200 4055 laboramus,
1212 3996 1237 4042 et

156 4056 222 4104 sunt.
239 4056 290 4105 linc
310 4064 384 4109 nitus
400 4055 453 4114 est,
468 4055 512 4114 qui
524 4055 618 4116 indiget
638 4056 683 4127 ³¹¹7
708 4059 781 4118 hujus
800 4061 880 4123 operis
898 4062 975 4110 nostri
993 4062 1133 4109 mercedem
1153 4075 1235 4124 spera·
