2760 4800
154 425 199 473 lbi
479 489 487 496 .
542 424 669 472 sinent
693 423 862 468 uunnosn

176 510 217 559 bi.
230 510 330 571 Singula
348 508 424 569 igitur
440 508 681 568 siugulisadstruun-
707 506 810 552 traiecta
835 504 984 564 solidentur,
1003 501 1114 565 dispersu
1138 504 1239 564 cocant,

149 580 196 626 tur.
208 579 298 627 Tribus
312 579 395 626 tamen
407 577 548 626 evidentius
558 577 680 634 colligitur
705 575 816 622 absumta
824 573 981 634 reparentur3
989 584 1038 620 non
1047 568 1238 634 mirarisqucm·

148 647 338 695 resurrectionis
346 646 419 706 tides,
429 646 519 706 quibus
526 644 607 692 omnia
615 655 679 690 com·
704 644 834 691 admodum
847 643 941 691 semina
953 655 1044 704 vapore
1059 644 1085 692 et
1096 656 1237 704 compressu

148 715 340 774 prehenduntur
358 728 365 760 a
382 715 491 774 ratione,
512 709 679 760 universitatis
704 711 775 758 terras
794 712 873 760 soluta
893 711 1126 760 viridescaui.Nam
1149 712 1234 773 utique

149 785 279 845 exemplo,
298 784 440 831 testimonio
457 783 495 830 rei
517 782 604 842 geslae3
621 781 679 841 quia
704 781 780 827 etiam
798 779 852 840 ipsa
870 781 970 828 terreno
989 780 1081 828 coalitu
1098 778 1236 841 putrefacta

147 854 249 912 plurimi
259 853 428 900 surrexerunt.
438 851 510 899 Ratio
520 847 620 898 evidens
628 850 677 907 est;
703 847 844 908 solvuntur,
856 848 883 896 et
898 860 955 895 cum
970 849 1089 896 occaecata
1101 852 1126 897 et
1140 850 1235 898 mortua

147 921 281 982 quiscum
299 921 379 968 omnis
397 921 455 969 vitae
472 921 561 967 nostrae
576 932 633 965 usus
652 918 677 963 in
702 916 747 962 soli
762 917 877 976 genitalis
895 930 982 965 succus
1000 916 1234 979 animaverit,quo·
1285 971 1291 975 „

147 991 256 1050 corporis
264 990 399 1049 animasque
411 989 532 1037 consortio
541 988 678 1046 sit‚resur·
703 984 757 1030 dam
778 987 858 1033 calore
877 986 948 1032 vitali
971 985 1085 1046 spiritum
1104 988 1234 1047 quemdam

147 1060 225 1107 rectio
240 1060 323 1106 autem
340 1060 382 1105 aut
392 1057 450 1104 boni
467 1058 534 1104 actus
551 1055 676 1114 praemium
703 1054 785 1100 berbae
794 1054 923 1102 viridantis
934 1055 1060 1102 exhalant.
1070 1055 1170 1103 Deinde
1178 1066 1234 1116 pau·

147 1125 248 1186 lrabeat,
266 1126 307 1174 aut
323 1138 423 1185 posnam
442 1124 564 1185 improbi3
576 1134 676 1170 necesse
702 1123 769 1169 latim
785 1123 897 1170 teneram
914 1124 987 1183 spicae
999 1123 1165 1172 adolescentis
1177 1129 1233 1172 aeta-

146 1194 179 1241 sit
198 1207 284 1255 corpus
302 1206 445 1253 resurgere,
464 1195 534 1252 cujus
552 1195 621 1239 actus
633 1204 678 1237 ex·
702 1192 751 1238 tcm
759 1193 841 1239 culmo
853 1193 973 1252 erigit,et
982 1193 1077 1251 vaginis
1086 1194 1232 1253 quibusdam

146 1263 271 1322 penditur.
284 1264 407 1322 Quomodo
424 1263 490 1310 enim
510 1263 536 1308 in
556 1261 676 1318 iudicium
702 1261 787 1305 riarum
796 1260 920 1319 tamquam
929 1261 1014 1307 sedula
1024 1262 1104 1308 mater
1114 1260 1231 1322 includitg

146 1331 274 1378 vocabitur
286 1332 366 1378 arrium
385 1332 439 1378 sine
452 1343 566 1389 corporo,
578 1342 634 1378 cum
646 1329 676 1375 de
701 1338 732 1372 ne
744 1327 920 1385 pubescentem
931 1328 1022 1386 glacies
1037 1327 1124 1374 adurat
1136 1341 1231 1390 aspera,

146 1412 190 1446 suo
202 1403 228 1448 et
242 1401 350 1459 corporis
368 1399 531 1447 contubernio
542 1398 675 1457 ratioprae-
701 1394 774 1453 atque
793 1407 807 1441 a
823 1396 901 1443 nimio
920 1394 979 1444 solis
997 1396 1116 1444 defendat
1127 1398 1231 1446 ardore:

104 1495 108 1504 .
147 1467 232 1514 stando
244 1467 295 1514 sit-i
701 1462 795 1521 frugem
810 1478 907 1524 quoque
919 1465 996 1525 ipsam
1009 1465 1088 1512 adbuc
1099 1464 1171 1526 quasi
1182 1469 1231 1527 pri-

178 1537 218 1582 55.
241 1537 396 1585 Resurrectio
417 1536 531 1584 omnibus
554 1534 677 1583 adtributa
701 1533 749 1579 mis
759 1535 929 1594 erumpentem
941 1535 1153 1594 cunabulis,nrox
1164 1536 1231 1583 adul*

149 1602 188 1650 est
206 1617 213 1650 a
230 1605 274 1653 sed
293 1606 348 1653 ideo
366 1606 468 1652 diiiicila
485 1605 601 1662 creditur,
619 1603 675 1662 quia
702 1603 750 1648 tum
769 1615 801 1650 ne
817 1605 901 1662 pluvia
921 1604 1049 1662 decutiat,
1066 1616 1099 1651 ne
1117 1615 1179 1651 aura
1195 1604 1231 1652 di·

147 1683 197 1719 non
208 1675 316 1720 nostrum
334 1675 461 1733 meritum,
474 1673 516 1721 sed
528 1672 572 1719 lici
587 1684 677 1718 munus
701 1672 810 1730 spergat,
822 1685 853 1719 ne
864 1671 947 1719 avium
957 1672 1080 1719 minorum
1091 1683 1186 1719 memus
1197 1673 1231 1721 lu·

149 1741 195 1789 cst.
214 1742 294 1789 Priura
314 1743 392 1803 igitur
411 1741 599 1790 resurrectionis
617 1741 677 1788 fides
702 1737 812 1798 terimat,
835 1739 901 1786 vallo
918 1739 1048 1787 anetarum
1072 1739 1156 1800 sepire
1175 1753 1230 1789 con-
1272 1778 1276 1785 .

148 1822 207 1859 usus
218 1812 256 1860 est
269 1814 369 1872 mundi,
385 1823 517 1872 rerumque
532 1812 608 1859 status
624 1823 676 1856 om·
701 1807 791 1855 suevit.

148 1878 232 1941 aliurn,
243 1882 429 1941 generationum
442 1881 533 1940 series,
544 1879 677 1927 successio·
732 1875 770 1922 56.
788 1876 851 1934 Quid
863 1877 939 1937 igitur
955 1877 1053 1926 miraris
1070 1879 1090 1926 si
1103 1878 1229 1939 homines,

148 1957 210 1992 num
227 1949 295 1996 vices
307 1949 387 1997 obitus
404 1949 521 2008 ortusque
537 1947 675 2004 signorum,
701 1956 760 2003 quos
784 1947 920 2005 acceperit,
939 1947 1004 1994 terra
1027 1947 1156 2007 restituut3
1177 1961 1229 1996 cum

148 2013 198 2061 diei
211 2016 237 2063 et
251 2018 330 2064 noctis
348 2029 458 2074 occasus,
470 2025 604 2073 eorumque
618 2025 675 2072 quo·
701 2012 822 2061 murinum
834 2028 934 2075 corpora
944 2027 1105 2076 quascumque
1116 2029 1230 2078 suscepe-

147 2081 210 2131 tidie
219 2087 343 2147 tamquam
352 2085 465 2133 rediviva
472 2081 679 2132 successio.Tem-.
701 2080 747 2141 rit,
762 2082 885 2143 viviticat,
897 2085 988 2143 erigat,
1004 2085 1109 2144 vcsfiat,
1121 2085 1231 2146 muniat,

148 2153 288 2209 paramenti
296 2165 393 2213 quoque
402 2151 515 2212 genitalis
523 2150 597 2208 hujus
604 2150 676 2196 terrae
701 2150 773 2209 atque
790 2151 921 2199 defendat!
934 2153 1023 2200 Desine
1041 2164 1099 2212 ergo
1116 2153 1229 2202 dubitare

135 2218 223 2266 aliter
241 2221 303 2268 ratio
327 2223 426 2270 subesse
444 2233 493 2268 non
513 2220 610 2280 posset,
628 2218 675 2264 nisi
700 2218 764 2276 quod
775 2219 911 2280 depositum
923 2222 1020 2281 generis
1039 2222 1143 2269 humani
1160 2223 1229 2271 terrae

148 2283 258 2334 humoris
268 2286 346 2347 ipsius
362 2300 411 2348 quo
423 2288 506 2334 omnia
523 2286 621 2333 terrena
632 2296 675 2343 gc·
700 2286 760 2334 fides
769 2289 868 2349 reddat,
879 2303 933 2350 quaa
949 2291 1120 2337 commendata
1131 2291 1180 2339 sibi
1191 2305 1228 2340 se·

148 2355 281 2413 necantur,
299 2359 419 2414 quantum
435 2354 519 2402 diurni
535 2353 593 2401 solis
603 2353 675 2399 aestus
700 2355 766 2402 mina
783 2359 892 2405 usurario
912 2357 1018 2420 quodam
1036 2358 1131 2406 foenoro
1150 2361 1230 2408 mulli·

149 2423 312 2482 excoqueret,
324 2425 419 2472 mutum
432 2437 487 2472 rore
497 2424 615 2471 nocturno
627 2422 676 2470 dis·
700 2424 789 2482 plicata
796 2428 918 2474 restituat.
925 2429 984 2474 Nam
992 2427 1052 2488 quid
1060 2427 1091 2474 de
1099 2430 1230 2488 generibus

148 2488 237 2545 positio
254 2489 338 2538 divina
347 2493 481 2551 repararet.
497 2490 626 2551 Namquid
645 2490 675 2536 de
700 2493 813 2541 arborum
824 2496 987 2556 loquar,quae
998 2496 1077 2556 posito
1088 2497 1229 2556 surguutdo

148 2553 270 2604 fructibus
280 2559 383 2618 loquari
399 2560 483 2607 Nonne
499 2558 545 2607 tibi
561 2559 676 2606 videnlur
700 2563 809 2623 semino,
827 2563 969 2625 fructusque
987 2565 1108 2612 resolutos
1119 2566 1229 2614 rediviva

149 2623 276 2686 occidere,
299 2640 356 2674 cum
375 2629 515 2677 decidunt:
534 2639 675 2690 resurgere,
700 2629 859 2680 foecunditate
878 2633 1038 2692 resuscitant,
1050 2633 1077 2680 ct
1091 2633 1229 2682 iormaevc·

148 2703 205 2739 cum
216 2695 387 2744 revirescunt!
397 2698 466 2756 Quod
481 2698 561 2746 satum
577 2697 625 2755 est,
637 2708 676 2742 rc-
699 2699 747 2745 teri
757 2703 831 2760 atquc
850 2701 952 2762 imagini
968 2714 1018 2749 suae
1035 2701 1157 2762 reddunt,
1168 2703 1230 2750 mut·

147 2762 225 2821 surgit
235 2765 316 2824 :quod
325 2767 450 2815 mortuum
460 2767 512 2825 cst,
520 2765 637 2824 resurgit3
650 2767 675 2812 et
699 2768 784 2828 tasque
793 2772 878 2819 aetates
888 2769 998 2832 quaedam
1006 2771 1121 2817 arborum
1130 2783 1229 2832 corpora
1288 2781 1291 2788 ’

148 2830 175 2876 in
194 2833 279 2880 eadam
298 2847 404 2896 genera,
422 2835 449 2884 in
465 2836 563 2884 easdem
580 2834 675 2896 species
699 2839 810 2895 reparata
821 2838 1004 2897 transmittunt3
1017 2837 1044 2884 ut
1056 2837 1109 2896 ipsa
1120 2838 1230 2886 durando

71 2925 77 2932 ·
147 2899 303 2952 reformatur.
316 2906 364 2954 lios
375 2907 439 2955 terra
449 2905 557 2967 primum
567 2904 674 2953 reddidit
699 2905 798 2952 vincant
817 2906 924 2955 saecului
948 2908 1092 2953 Putresccre
1116 2906 1229 2954 videmus

146 2966 254 3031 fructus,
273 2972 299 3020 in
311 2974 350 3022 his
365 2977 472 3035 primum
490 2975 577 3023 natura
593 2974 675 3021 nostra
699 2974 812 3035 acinum,
823 2972 901 3024 vitain
912 2987 1039 3035 resurgere
1049 2987 1056 3021 c
1068 2975 1181 3022 surculus
1191 2975 1229 3022 lu·

146 3039 255 3097 speciem
266 3045 454 3093 resurrectionis
464 3044 561 3091 imitata
571 3044 618 3090 cst.
699 3042 801 3102 seritur,
812 3044 884 3090 arbor
898 3043 1042 3089 renascitur.
1054 3043 1092 3089 An
1108 3040 1141 3088 de
1159 3054 1230 3102 repa·

177 3105 216 3153 bi.
228 3109 292 3167 Quid
311 3112 408 3160 dubitas
425 3112 456 3160 de
475 3123 576 3171 corpore
588 3123 675 3170 corpus
699 3111 781 3159 randis
789 3112 915 3159 arboribus
924 3112 1009 3159 diviua
1020 3111 1057 3158 est
1064 3111 1228 3171 procidentia,
1273 3162 1276 3168 ,

146 3178 294 3234 resurgeret
315 3180 422 3228 Granum
446 3179 550 3237 seritur,
574 3191 673 3238 granam
699 3179 730 3226 dc
753 3180 894 3235 hominibus
910 3181 979 3228 nulla
997 3178 1074 3227 curat
1091 3180 1120 3227 Et
1138 3179 1182 3239 qui
1200 3191 1229 3231 ca

147 3242 270 3301 resurgit:
282 3259 382 3306 pomeun
400 3247 505 3306 decidit,
516 3259 617 3307 pomum
634 3259 674 3294 re·
698 3261 754 3308 quae
771 3249 801 3295 ad
817 3262 880 3297 usus>
894 3249 1023 3296 bominum
1041 3247 1125 3307 dedit,
1142 3247 1226 3307 perir'c

147 3311 238 3370 surgit,
250 3315 292 3360 sed
303 3314 362 3362 tiore
379 3328 480 3376 granum
494 3314 616 3374 induitur,
627 3312 674 3362 iol·
699 3328 747 3363 non
757 3330 842 3377 passus
854 3319 1042 3377 est,b01ninem
1052 3315 1136 3376 perire
1146 3315 1228 3376 patie-

146 3377 269 3438 liculoquc
279 3382 384 3429 vcstitur
394 3397 400 3428 c
409 3385 440 3430 Et
448 3383 490 3429 icoo
500 3384 597 3430 mmtolc
607 3396 675 3442 opor·
699 3386 753 3444 tur,
764 3398 836 3446 quem
847 3387 878 3434 ad
888 3387 1021 3446 imaginem
1032 3385 1068 3432 sul
1080 3384 1157 3432 lecitl

147 3447 179 3492 tet
197 3449 291 3497 iuduere
307 3452 523 3510 immortalitatem,
533 3454 555 3499 ct
565 3451 608 3498 boo
624 3465 674 3499 cor·
728 3456 767 3502 57.
782 3455 828 3502 Sed
845 3455 991 3502 incredibile
1009 3455 1056 3501 tibi
1073 3454 1189 3514 videtur,
1200 3454 1229 3500 ut

145 3515 255 3575 reptibile
278 3520 373 3567 inducre
394 3522 600 3580 incorruptionem.
620 3523 674 3569 Flos
698 3525 787 3572 mortui
803 3525 954 3572 reviviscant
972 3537 979 3570 a
996 3525 1118 3584 iucipiens,
1138 3526 1165 3570 te
1182 3526 1229 3584 ipsc

146 3587 513 3639 resurrectionisimmortalitas
523 3592 573 3651 est,
582 3591 626 3638 llos
636 3605 674 3639 re-
698 3596 759 3654 good
772 3595 886 3650 seminas,
900 3606 976 3639 uoooc
987 3594 1053 3651 prius
1071 3592 1175 3638 moritur
1182 3621 1191 3647 ,
1202 3591 1229 3636 ut

146 3655 305 3704 surrectionis
316 3657 466 3720 incorruptio
477 3661 523 3708 est.
532 3661 597 3718 Quid
607 3662 673 3709 eninr
698 3662 843 3723 vivificetur?
864 3663 924 3709 Sere
947 3660 1086 3722 quemlibet
1119 3660 1228 3707 fructum

145 3720 247 3796 uberius
257 3726 674 3790 quictopcrpetuaiquidlocuple-
698 3732 822 3790 arentem,
837 3731 1004 3779 resuscitatur.
1021 3729 1069 3776 Sed
1085 3728 1232 3777 panetius-

48 3793 62 3799 “’
145 3788 197 3863 ilus
207 3794 339 3856 securitate
358 3796 549 3844 diuturnaiuic
561 3801 598 3845 esi
609 3800 678 3846 mul-
698 3813 763 3848 cum.
786 3800 816 3847 et
837 3800 948 3846 nostrum
970 3810 1059 3857 corpus
1075 3797 1152 3844 habet
1172 3802 1229 3842 san·

72 3914 75 3920 7
144 3855 227 3915 trplex
241 3858 347 3920 tructus,
357 3863 428 3921 cuius
437 3865 559 3922 proventu
569 3864 673 3924 pullulat
698 3870 798 3928 guinem
812 3880 898 3927 surim,
912 3866 988 3914 babet
1004 3867 1135 3912 humorem
1146 3873 1229 3912 suum.

144 3922 281 3976 iracundior
291 3929 420 3978 bominum
437 3933 524 3980 natura
539 3932 594 3992 post
610 3945 674 3980 mor·
699 3938 743 3985 ilic
750 3937 825 3984 nostri
833 3948 920 3983 succus
926 3936 963 3983 est
969 3929 1231 3994 corporisllndeiilud

143 3995 203 4046 te¹¹¹·
698 3994 794 4064 quoquc
805 4004 933 4062 explosum
949 4003 1068 4059 arbitror,
1079 4000 1146 4060 quod
1156 4009 1231 4046 aren-

175 4066 214 4114 55.
232 4070 280 4121 sod
295 4071 392 4124 miraris
407 4071 612 4136 quemadmodum
627 4084 673 4133 pu·
698 4072 748 4119 tem
764 4072 889 4119 surculum
900 4069 1000 4130 quidam
1017 4068 1168 4118 reviviscere
1183 4078 1232 4114 ue·
