2760 4800
240 450 270 498 56
623 455 746 502 stricti
766 454 937 500 insanust!

237 533 341 581 statera?
358 537 413 595 (inis
431 539 531 597 coqnooit
547 551 638 584 sericum
654 540 763 595 Domini,
788 541 829 585 nul
849 540 873 585 in
889 538 978 598 Spiritu
984 568 992 593 ,
1010 536 1036 582 dc
1052 535 1140 595 Spiritu
1156 536 1225 582 nemci
1243 536 1318 583 vitans

238 605 279 648 aut
288 605 338 661 quis
348 606 493 653 consilarius
502 606 552 663 cius
561 607 605 664 snit
611 605 621 651 ἒ
788 609 908 653 uternam.
919 604 948 651 Et
957 604 1079 651 iohannes
1092 603 1128 650 aii
1139 615 1146 648 r
1159 604 1200 650 Ea·
1211 603 1254 649 boc
1264 616 1319 663 caa-
1331 599 1337 611 ⁸

268 671 305 717 ol.
316 672 344 718 Et
353 672 446 720 addidit
456 674 597 732 Apostolus:
608 676 722 735 Quoniam
733 688 764 722 cac
787 677 902 723 noscimus
919 676 975 734 quio
986 675 1011 720 in
1025 672 1090 720 nobis
1100 674 1147 729 cst,
1164 667 1279 731 quantana
1290 673 1318 718 dc

237 740 327 798 ipso,ci
335 743 475 801 peripsum,
486 745 508 789 el
517 745 541 789 in
553 745 601 803 ipsa
612 747 666 791 sant
674 745 762 790 omniu.
787 746 921 803 Spiritusna
930 745 989 792 aedil
999 743 1073 791 nobis.
1083 743 1112 790 Ei
1123 739 1316 801 bngclnsuicit:

237 806 301 864 Quid
309 811 399 868 est,cae
406 810 548 870 ipsoiQuod
556 811 669 871 exipsius
676 812 764 859 volun·
788 811 853 870 Quod
868 825 898 857 cc
912 824 941 858 ca
956 813 1078 869 nascetur,
1094 810 1121 856 dc
1136 810 1317 868 Spirituscnclo

177 923 180 927 .
236 875 288 923 tate
298 878 384 927 natura
395 878 427 926 sit
437 880 559 938 omnium,
568 880 653 939 etipse
664 880 697 926 sit
706 891 763 926 auc·
787 881 827 925 cst.
841 878 869 925 Ei
879 879 996 925 Dominus
1007 879 1042 925 ait
1049 877 1108 938 quia
1119 878 1178 937 unm
1188 879 1275 925 nutum
1285 881 1317 925 cst

237 948 275 994 tor
290 947 415 1007 omnium,
430 961 485 1008 quae
500 961 552 997 esse
567 950 702 1009 coeperunt.
718 951 763 995 Per
786 948 813 993 dc
825 949 930 1007 Spiritu,
941 948 1040 1008 Spiritus
1050 949 1092 994 cat.

237 1017 312 1074 ipsein
321 1016 395 1076 ,quid
403 1015 523 1074 essionis
532 1017 664 1077 peripsum
674 1017 763 1064 consti·
817 1014 855 1061 96.
872 1016 933 1075 Ergo
943 1015 1007 1063 sicut
1020 1028 1053 1062 ex
1062 1012 1134 1062 Patre
1145 1013 1252 1073 lenimus
1263 1024 1316 1061 esse

145 1097 147 1100 ⁴
236 1082 763 1145 tutioetperseverantiaomnibusimpertita
786 1083 925 1144 omnia,ita
936 1085 1001 1131 etex
1009 1083 1071 1131 Filio
1079 1095 1149 1144 posse
1157 1083 1208 1131 dici
1218 1083 1315 1140 omnia,

236 1153 357 1200 videatur.
370 1157 397 1200 ln
408 1156 469 1214 ipso,
481 1154 541 1215 quid
549 1154 601 1201 esti
609 1155 671 1213 Quia
682 1154 762 1202 omnia
785 1165 830 1211 per
838 1165 911 1212 quem
919 1151 1064 1200 omniasuut
1074 1165 1080 1199 r
1090 1151 1254 1212 etexSpiritu
1262 1163 1315 1198 esse

236 1220 374 1267 admirabili
390 1222 495 1281 quadam
511 1222 647 1282 desiderio,
666 1223 692 1270 et
707 1223 762 1269 ine·
785 1221 882 1280 omnia,
893 1222 920 1268 in
929 1233 977 1282 quo
989 1222 1071 1285 omnia
1082 1222 1153 1281 sunt,
1165 1216 1329 1270 testimoniis·

236 1289 351 1336 narrabili
369 1303 450 1337 amore
467 1290 592 1338 auctorem
606 1292 664 1338 vitae
675 1291 700 1337 et
715 1291 762 1336 mi·
786 1289 925 1337 edocemur.

235 1357 388 1404 nistraiorem
400 1358 483 1417 gratiae
494 1370 583 1405 snaeac
598 1359 707 1406 muneris
723 1357 762 1405 in·
815 1358 854 1404 97.
876 1359 943 1406 Nunc
964 1358 1146 1407 consideremus
1164 1358 1252 1407 utrum
1270 1369 1314 1419 por

235 1426 350 1485 tuentur,
361 1427 495 1474 secundum
505 1426 697 1487 quodscriptum
708 1429 760 1475 est:
785 1427 881 1474 Patrem
901 1441 953 1476 esse
970 1427 1064 1489 aliquid
1075 1427 1163 1475 docere
1181 1426 1312 1486 possimus.
1351 1446 1357 1457 κ

236 1493 302 1540 Oculi
312 1496 416 1541 amnium
428 1497 451 1541 in
464 1497 485 1541 lc
503 1498 612 1555 socrant5
624 1497 649 1542 et
661 1508 668 1540 ε
680 1497 762 1556 Aperta
785 1494 832 1541 Sed
842 1495 960 1555 scriptum
971 1497 1026 1544 est:
1038 1497 1128 1544 Pontus
1140 1509 1218 1543 aaroni
1227 1494 1314 1542 Clirrili

234 1574 331 1609 inanum
342 1566 421 1620 tucia,
436 1566 457 1610 et
467 1565 546 1623 impias
555 1576 646 1612 amnem
656 1567 761 1613 ammam
782 1575 826 1623 per
836 1564 979 1631 voluntatem
989 1566 1049 1623 Dci3
1062 1563 1088 1609 ct
1098 1562 1157 1609 alibi
1168 1573 1175 1608 s
1191 1562 1254 1610 ilndc
1260 1561 1313 1619 jani

236 1630 297 1678 bona
306 1633 432 1679 voluntate.
785 1643 831 1677 non
838 1644 861 1678 es
871 1645 961 1688 sersus,
970 1633 1008 1678 scd
1016 1631 1088 1678 Filius
1096 1645 1104 1676 c
1112 1631 1133 1677 si
1140 1631 1217 1676 autem
1224 1629 1312 1684 Filius,

265 1698 304 1746 92.
315 1701 351 1746 De
359 1701 429 1748 Patre
440 1713 537 1762 quoque
545 1700 655 1750 si‘dlcas:
668 1701 761 1750 idonea
785 1698 885 1746 citiores
894 1714 935 1759 pcc
944 1702 1033 1758 Dcuns3
1043 1698 1134 1746 etalihi
1144 1711 1150 1744 ι
1161 1699 1313 1745 Sicntrccnr·

234 1767 295 1825 ipsa,
307 1767 365 1826 quia
377 1779 410 1814 en
424 1768 476 1828 ipso
488 1769 612 1829 operatrix
623 1769 760 1829 Sapientia,
784 1771 846 1815 rexit
857 1769 961 1816 Ctirutns
969 1784 985 1815 a
995 1769 1093 1816 mortuis
1100 1779 1142 1827 per
1152 1768 1254 1826 olorinas
1264 1767 1322 1812 Po·.

234 1848 289 1894 quaa
299 1836 412 1884 ominibus
420 1850 451 1884 ex
462 1850 505 1885 sua
513 1840 539 1884 et
547 1839 625 1884 Patris
635 1840 761 1886 voluntate
785 1837 835 1882 tric.
842 1837 873 1897 ht
881 1836 940 1882 alibi
950 1836 1017 1883 Deus
1026 1835 1132 1883 Paterad
1140 1834 1230 1881 Filium
1236 1832 1311 1881 dicits

233 1903 302 1952 dedit
313 1916 380 1962 esse,
391 1918 445 1964 quae
455 1919 504 1953 non
516 1908 605 1955 erant:
618 1909 665 1954 Per
672 1910 746 1967 ipsum
752 1939 760 1964 ,
784 1903 843 1949 Ecce
849 1906 958 1963 proselyti
967 1907 1056 1952 uenient
1065 1907 1095 1951 ad
1107 1907 1127 1950 lc
1137 1917 1177 1963 par
1188 1916 1235 1950 mc.

233 1973 293 2032 quia
313 1986 357 2033 per
378 1973 530 2034 Sapientiam
548 1975 601 2034 eius
621 1975 761 2022 factasunt
814 1969 852 2016 98·
859 1971 932 2018 uuita
942 1973 1050 2032 reperies
1060 1971 1153 2030 alia,si
1161 1982 1258 2030 quares
1267 1982 1312 2030 per

232 2042 316 2089 omnia
327 2056 334 2088 ε
346 2045 374 2090 ln
392 2047 439 2103 ipsa
446 2077 455 2101 ,
466 2045 523 2102 quia
538 2043 591 2104 ipse
602 2044 640 2091 est
650 2043 761 2090 vivitica-
785 2039 879 2087 Patrem
891 2039 962 2087 iacta.
974 2041 1096 2100 Numquid
1107 2039 1163 2087 ideo
1174 2041 1256 2086 minor
1267 2039 1311 2086 Pa·

232 2113 302 2160 toriae
314 2112 367 2160 tons
378 2113 536 2172 substantias,
553 2114 581 2160 in
591 2124 639 2174 quo
653 2112 760 2161 vivimus
784 2107 836 2167 ter,
847 2109 904 2168 quia
922 2109 947 2155 in
958 2110 1020 2156 Filio
1030 2111 1055 2156 et
1067 2122 1100 2156 ex
1117 2109 1179 2156 Filio
1194 2108 1311 2168 pleraque

233 2181 258 2230 et
269 2193 352 2229 sumus
361 2183 387 2229 et
400 2195 535 2230 movemur.
785 2189 837 2224 esse
848 2177 952 2236 legimus
963 2190 970 2224 r
984 2178 1009 2224 et
1019 2190 1064 2238 per
1075 2177 1171 2224 Patrem
1189 2175 1255 2223 iacta
1271 2176 1311 2222 vel

262 2250 302 2297 95·
314 2252 349 2297 Ex
357 2251 451 2310 Spiritu
460 2263 571 2310 quoque,
583 2250 611 2298 ui
620 2263 666 2311 per
676 2251 759 2311 ipsum
784 2246 840 2293 data
858 2246 965 2306 plurima
984 2246 1011 2293 in
1025 2246 1152 2307 scripturis
1169 2243 1311 2293 coelestihus

233 2318 343 2378 formati,
355 2332 400 2378 per
410 2319 490 2378 ipsum
502 2320 606 2379 firmati,
622 2320 649 2365 in
660 2321 712 2378 ipso
722 2334 761 2368 ra·
784 2314 935 2374 reperimus?

233 2387 325 2448 horati,
337 2387 395 2434 vita
413 2388 538 2447 capiamus
549 2400 637 2435 munus
652 2390 759 2437 aterna.
814 2385 852 2432 99·
864 2383 912 2431 Sed
923 2384 997 2432 etiam
1007 2397 1052 2445 per
1062 2382 1181 2444 Spiritum
1195 2381 1311 2431 similiter

261 2454 302 2503 on.
314 2457 373 2502 Cum
384 2456 436 2503 haee
452 2456 528 2516 igitur
538 2458 578 2505 vel
589 2457 655 2503 Patri
666 2459 707 2505 vel
718 2460 760 2504 Fi·
784 2453 889 2513 legimus
903 2451 966 2501 iacta
980 2456 1112 2514 pleraque,
1130 2453 1193 2501 sicut
1210 2452 1288 2499 habes
1301 2465 1309 2497 r

201 2574 205 2582 ,
232 2524 266 2570 lio
274 2526 315 2571 vel
324 2522 423 2583 Spiritui
434 2525 759 2574 sanctoconvenirevidean·
783 2523 855 2570 Nobis
868 2526 946 2571 autern
957 2525 1064 2571 neochoii
1073 2525 1137 2570 Dens
1144 2535 1187 2581 por
1198 2522 1311 2581 Spiritum

232 2594 286 2652 tur,
298 2593 361 2639 nihil
372 2593 457 2652 utiquc
473 2593 566 2640 humile
578 2594 604 2639 iu
615 2594 655 2640 his
665 2597 759 2642 certum
782 2605 865 2648 snum,
875 2591 1214 2650 eialibirlionuncdcpositnm
1223 2590 1311 2636 custodi

233 2661 271 2708 esi
280 2661 397 2708 declarari
407 2675 414 2722 ;
426 2674 482 2708 cum
496 2663 521 2709 et
533 2674 566 2708 ex
576 2662 638 2708 Filio
650 2663 759 2712 dicamus
780 2675 823 2720 par
834 2662 946 2720 Spiritum
956 2663 1077 2719 sanctnm3
1093 2659 1118 2706 et
1127 2657 1158 2705 ad
1172 2658 1309 2718 Ephesios:

233 2742 285 2776 esse
306 2731 436 2790 pleraque,
456 2731 481 2778 et
496 2730 572 2777 multa
588 2743 633 2790 per
649 2731 758 2792 Patrem,
784 2733 919 2788 Gorrlorturi
934 2744 978 2790 par
993 2731 1107 2789 Spiritum
1117 2729 1179 2787 cjns3
1191 2727 1216 2773 et
1226 2726 1259 2772 ad
1269 2727 1311 2773 co·

232 2798 295 2846 sicut
314 2799 389 2845 habes
407 2798 437 2845 de
450 2799 511 2845 Filio
529 2799 622 2845 dictum
639 2812 646 2845 r
667 2801 695 2847 ui
716 2815 760 2847 au·
782 2799 886 2846 riuthios
898 2812 904 2844 :
917 2801 966 2846 Alii
979 2801 1040 2844 enim
1056 2799 1126 2844 dalscr
1139 2809 1182 2855 per
1195 2797 1310 2855 Spiritum

133 2896 137 2900 -
231 2882 328 2928 asamar
342 2870 367 2914 in
379 2869 478 2928 ipseper
489 2869 580 2925 amnia,
593 2870 634 2928 qui
648 2872 679 2916 cst
691 2873 759 2930 caput
781 2882 857 2916 sermo
867 2870 998 2928 supientiae,·
1009 2866 1035 2914 et
1045 2865 1104 2912 alibi
1120 2877 1127 2908 s
1140 2866 1167 2911 Si
1181 2866 1311 2924 cntempsi·

231 2938 348 2995 Christus,
360 2952 390 2985 ea
405 2950 450 2998 quo
467 2940 553 2993 totuin,
569 2936 661 2996 iuquit,
677 2951 759 2997 corpus
782 2945 894 3003 Spiritum
902 2943 966 3001 sacta
976 2943 1053 2989 carnis
1061 2938 1311 2998 mortificaveritismi·

230 3009 399 3066 compactumci
407 3020 584 3066 conncnnrnpcr
592 3019 683 3053 airinom
688 3008 759 3065 junc-
782 3013 849 3068 oclis5
861 3010 885 3056 et
903 3021 975 3068 supra
987 3023 993 3053 r
1007 3011 1052 3070 Qui
1061 3008 1178 3056 suscitabit
1190 3005 1310 3053 Christum

231 3079 309 3122 turona
319 3077 496 3123 ministrationis
503 3078 528 3122 in
538 3088 672 3121 mansuram
680 3079 759 3122 unius-
782 3092 812 3123 eac
820 3079 930 3134 marinis,
938 3078 1058 3135 vivificavit
1066 3079 1087 3122 cl
1095 3074 1310 3132 morictiocorpora

230 3143 339 3200 cujusque
348 3145 437 3200 partis,
449 3144 598 3200 coamentem
610 3145 711 3201 emporis
721 3144 758 3202 [u—
782 3148 858 3192 uestra
866 3160 909 3206 per
923 3145 1092 3193 introitionicm
1102 3143 1215 3203 Spiritum
1226 3141 1277 3200 dns
1285 3141 1310 3187 in
1352 3156 1356 3168 ·

231 3211 261 3256 cii
278 3211 303 3255 in
321 3210 493 3267 aedificationem
508 3210 547 3255 sni
563 3211 587 3255 in
604 3211 710 3257 caritate.
730 3211 759 3258 ut
782 3215 854 3262 vobis.
1255 3206 1258 3211 ⁴

230 3279 322 3325 iterum
330 3277 552 3339 uddalosseusesde
560 3278 600 3326 his
608 3280 649 3338 qui
659 3292 707 3326 non
715 3281 758 3327 ha·
813 3285 866 3330 roo.
875 3284 923 3330 Sed
930 3283 1030 3347 iactasse
1041 3281 1107 3330 dicat
1116 3295 1122 3328 :
1132 3279 1237 3328 Ostende
1246 3277 1310 3326 milit

231 3345 486 3404 bereutcognitionem
495 3346 618 3403 unigeniti
627 3347 683 3392 Filii
693 3348 740 3394 Dei
750 3363 756 3395 :
782 3353 922 3411 specialiter
930 3355 1020 3400 lectura
1027 3385 1035 3411 ‚
1042 3352 1137 3411 quiaex
1145 3347 1309 3405 Filioomaia‚

231 3417 292 3476 Quin
309 3428 356 3461 non
368 3418 457 3471 taient,
469 3415 564 3474 inquit,
576 3419 658 3476 capul,
670 3431 700 3464 cac
712 3433 757 3478 quo
782 3421 822 3466 vel
831 3433 862 3466 ex
873 3421 967 3480 Spiritu
982 3420 1071 3467 omnia.
1083 3419 1114 3466 nt
1125 3429 1168 3477 ego
1178 3415 1273 3474 cetero,
1281 3413 1310 3461 ut

203 3494 206 3498 ’
231 3497 385 3543 omnccarpnc
394 3486 652 3543 parcanipapinaliancs
662 3489 684 3532 cl
695 3489 758 3534 colli·
782 3489 854 3535 atilli
866 3488 928 3535 mihi
941 3488 1034 3535 lectum
1047 3499 1100 3535 esse
1110 3482 1239 3534 ostendant
1250 3483 1310 3543 quin

230 3554 332 3611 potiones
356 3553 556 3600 subministratum
580 3556 601 3600 ct
624 3556 757 3612 copulatum
781 3570 826 3616 per
840 3558 935 3605 Patrem
954 3558 1044 3603 omniu.
1062 3556 1109 3603 Sed
1128 3567 1184 3601 cum
1199 3553 1252 3600 haec
1268 3550 1309 3599 vol

230 3622 309 3668 crescit
321 3621 346 3667 in
357 3621 522 3666 incrementum
537 3623 582 3668 Dei
587 3637 595 3681 ‚·
608 3625 681 3680 caput
692 3625 757 3670 enim
781 3625 845 3672 Patri
857 3625 1053 3684 probaverimus,
1064 3625 1104 3672 uel
1116 3623 1191 3681 Filio,
1202 3622 1244 3668 uel
1255 3620 1310 3680 Spi·

230 3687 352 3735 Christum
362 3700 415 3734 esse
426 3688 539 3735 Ecclesiae
550 3702 622 3750 supra
639 3690 755 3738 diximus.
781 3693 839 3741 ritui
858 3695 941 3741 sancto
959 3694 1104 3751 convenire,
1118 3704 1165 3739 nec
1183 3691 1261 3738 ullam
1276 3701 1309 3736 ex

229 3754 408 3802 manumiss
417 3756 653 3816 quiadcplcnitadinc
661 3760 758 3816 eiusnos
781 3762 920 3820 hujusmodi
934 3763 1034 3822 syllabis
1048 3761 1116 3808 nasci
1130 3772 1201 3821 posse
1217 3758 1310 3806 divinae

231 3826 755 3886 onrncsucccpimuc.Etipscllominusdixit:
781 3829 922 3876 distantiam
937 3829 1075 3890 potestatis3
1086 3841 1136 3876 non
1153 3828 1190 3876 est
1205 3828 1309 3875 dubium

230 3898 322 3943 Demea
334 3895 430 3953 accipiet
436 3925 445 3950 ,
456 3896 478 3940 el
489 3895 638 3942 annuntiabit
646 3897 718 3944 nobis.
728 3898 758 3944 ut
781 3898 841 3955 quin
851 3910 977 3958 perquem
987 3899 1082 3959 omnia,
1094 3911 1126 3945 ex
1137 3910 1167 3945 eo
1175 3892 1273 3943 omnia:
1284 3897 1310 3944 et

231 3962 344 4024 supraaii
355 3963 469 4022 :doanooi
477 3964 701 4010 virtutcmcuisscdc
711 3978 756 4012 ine.
781 3977 813 4012 ex
828 3979 876 4025 quo
891 3965 985 4026 omnia,
1003 3980 1049 4028 per
1063 3980 1120 4015 eum
1132 3966 1214 4015 omnia
1226 3979 1232 4011 :
1246 3966 1272 4014 ei
1282 3965 1311 4012 in

260 4031 299 4078 95.
319 4029 438 4077 Similiter
448 4030 477 4076 ut
493 4041 607 4089 agnoscas
621 4031 756 4092 unitatem,
780 4033 933 4093 quaomnia,
952 4047 997 4095 per
1014 4048 1070 4083 eum
1080 4036 1166 4082 velex
1181 4046 1211 4081 eo
1226 4033 1310 4081 omnia

231 4096 306 4144 etiam
314 4098 347 4146 do
355 4097 448 4160 Spiritu
456 4098 546 4147 dicitur
556 4111 563 4146 τ
574 4101 634 4161 Quin
643 4103 684 4162 qni
691 4103 757 4149 senn-
781 4113 834 4152 esse
844 4102 983 4164 intelligere
994 4104 1136 4154 debeamus.
1146 4103 1233 4153 Omnis
1242 4102 1309 4152 enim

80 4292 293 4529 ‘a
