2760 4800
186 407 231 457 iss
578 408 698 456 SANCTI
715 409 874 454 AMBROSH

82 487 84 492 ’
177 492 310 557 νῙοηιιιιᾳιιε
327 494 447 553 cultores3
458 493 486 539 ut
503 493 539 539 illi
557 492 632 539 fleant
642 503 711 550 suos,
736 489 943 540 intercarceroria
955 492 1176 552 religataeclaustra
1190 507 1269 542 mom-

184 572 243 619 quos
264 561 290 608 iu
308 560 456 620 perpetuum
477 558 621 607 existimant
634 558 713 605 inter·
736 558 849 619 brorum3
862 562 963 619 possunt
979 561 1062 607 tamen
1073 562 1168 610 animae
1181 563 1267 611 altiora
1311 565 1314 572 '

184 627 241 674 iisse
260 628 318 674 :illi
333 629 413 675 nullas
428 629 535 676 habeant
551 628 712 687 lacrymarum
737 627 763 673 et
780 627 886 675 discreta
899 629 1038 688 perspicere
1054 642 1061 674 r
1078 631 1170 689 quanto
1191 631 1267 690 magis

184 694 259 742 terias
267 696 380 756 ,nullam
391 697 498 744 tristitias
508 696 618 755 requiem
629 707 712 743 conse·
736 694 846 754 spectant
860 696 927 755 haec,
938 708 994 743 cum
1003 695 1054 753 jam
1068 709 1129 756 puro
1144 697 1267 744 aethereo·

183 764 302 823 quantur,
320 764 363 823 qui
381 764 474 810 nullam
496 764 583 823 putant
601 763 712 823 requiem
737 776 784 822 que
793 777 865 812 sensu
876 765 944 811 nulla
953 777 1075 824 corporeae
1088 766 1151 813 labis
1161 765 1266 826 impedi·

184 834 342 880 mortuorum.
351 835 424 881 Nobis
430 845 488 881 vero
496 833 586 892 quibus
592 844 656 879 mors
663 845 712 880 uon
737 833 817 878 menta
829 831 971 891 patiuntur?
980 832 1114 893 Meritoque
1129 833 1193 880 milri
1209 845 1266 882 con·

183 901 290 960 naturae,
301 903 344 950 sed
358 901 416 950 vitae
432 902 503 949 istius
517 901 573 949 [inis
589 902 640 960 est;
651 913 712 960 quo-
737 901 994 960 querenti,verqente
1007 901 1112 961 quodam
1125 901 1177 959 iam
1188 902 1214 948 in
1224 914 1266 951 oc·

158 977 160 982 ·
182 969 249 1015 niam
265 970 291 1016 in
305 971 395 1018 melius
410 971 462 1031 ipso
473 972 560 1018 natura
571 970 712 1029 reparatur,
737 981 820 1016 casum
836 970 890 1028 die,
902 970 968 1030 quod
983 981 1033 1016 uon
1050 972 1172 1018 reviseres
1183 971 1264 1031 quies-

183 1036 255 1086 tletus
266 1052 351 1087 omues
362 1053 432 1088 casus
441 1040 526 1087 mortis
536 1040 666 1098 abstergat.
737 1040 848 1096 centem,
857 1038 923 1086 totus
931 1039 996 1085 omni
1004 1037 1115 1098 tempore
1123 1038 1266 1088 individuus

213 1107 251 1154 ll.
262 1109 361 1157 Gertesi
373 1108 411 1155 illi
422 1109 470 1156 sibi
481 1108 563 1168 aliqua
576 1108 712 1155 solatiare·
736 1104 853 1163 adfuisti3
875 1105 911 1153 ita
934 1105 962 1152 ut
981 1105 1024 1152 illo
1043 1105 1157 1166 perfusus
1179 1119 1265 1167 sopore

181 1177 312 1236 pererunt,
324 1177 366 1238 qui
382 1178 457 1224 flnem
467 1188 566 1236 sensus,
578 1176 713 1225 deiectum·
736 1174 915 1232 membrorum,
927 1187 983 1221 cunr
1000 1185 1045 1233 eqo
1061 1173 1192 1234 vigilarem
1204 1175 1264 1234 tibi,

180 1257 230 1306 que
251 1246 344 1293 riatruae
368 1246 473 1293 mortem
499 1245 611 1293 arbitrati
634 1247 711 1304 sunt;
736 1241 764 1288 tu
784 1243 883 1290 viveres
900 1242 977 1301 mihi,
994 1242 1102 1290 dicerem
1120 1242 1208 1302 :Quid
1229 1245 1265 1292 est

180 1310 272 1370 quanto
284 1311 361 1371 magis
370 1324 429 1371 nos,
441 1310 531 1370 quibus
546 1309 648 1359 meliora
657 1312 712 1371 post
735 1321 800 1357 mors
809 1344 816 1370 ,
825 1309 915 1358 irater?
924 1313 984 1357 Nam
994 1312 1061 1359 certe
1071 1311 1169 1359 nullisa
1178 1323 1219 1358 me
1228 1325 1265 1361 se·

180 1380 285 1427 mortem
296 1378 712 1439 praemiabonorumiactorumcon-
736 1379 852 1436 parahare
873 1378 1016 1436 momentis3
1038 1379 1073 1425 ita
1088 1379 1154 1426 enim
1174 1378 1265 1440 ubique

180 1447 284 1494 scientia
294 1446 441 1508 pollicetur!
451 1446 548 1494 Habent
559 1446 664 1507 gentiles
673 1459 713 1494 so-
736 1449 824 1507 praesto
834 1461 903 1508 oras,
914 1449 1025 1508 utquam
1036 1449 1063 1495 in
1072 1449 1142 1496 istius
1153 1448 1213 1496 vitae
1219 1461 1264 1496 usu

180 1515 240 1562 latia
254 1527 313 1574 sua,
327 1514 384 1574 quia
400 1515 513 1575 requiem
528 1516 648 1562 malorum
658 1527 712 1562 om·
736 1517 826 1565 habere
835 1517 911 1565 nostri
918 1517 1265 1577 copiamnequibamus,nunc

180 1583 250 1630 nium
266 1585 371 1631 mortem
390 1583 552 1631 existimant:
565 1585 590 1631 et
607 1584 635 1630 ut
653 1585 711 1632 vite
736 1586 806 1634 nobis
815 1597 912 1644 semper
919 1585 945 1632 et
955 1582 1046 1645 ubique
1058 1586 1145 1645 praesto
1156 1585 1198 1632 sit.
1206 1585 1265 1632 liam

180 1650 263 1698 fructu
273 1651 370 1710 careut,
380 1651 415 1698 ita
426 1651 502 1698 etiam
513 1651 620 1699 caruisse
631 1665 656 1700 se
667 1665 712 1712 pu·
735 1654 795 1700 tunc
809 1654 894 1713 utique
906 1654 987 1700 omnia
998 1653 1085 1713 praesto
1096 1665 1150 1700 esse
1160 1664 1210 1699 non
1220 1665 1264 1714 po·

181 1718 235 1764 tant
250 1718 317 1766 omni
333 1731 407 1768 sensu
421 1719 448 1767 et
463 1719 546 1767 dolore
566 1732 711 1781 poenarum,
735 1721 827 1781 terant;
839 1733 885 1769 nec
895 1721 963 1768 enim
972 1721 1154 1781 complexiones
1162 1721 1263 1780 nostrae,

180 1797 241 1845 quas
251 1786 279 1833 in
287 1787 334 1834 hac
344 1786 396 1834 vita
406 1798 493 1846 graves
506 1787 531 1834 et
541 1787 650 1835 assiduas
660 1801 710 1836 sus·
735 1791 925 1850 conspectusque
947 1791 973 1838 et
992 1790 1129 1838 osculorum
1152 1802 1266 1850 corpora-

180 1855 299 1906 tinemus..
305 1858 351 1904 Nos
357 1869 416 1906 vero
424 1857 710 1918 uterectiorespraemio,
735 1857 797 1903 lium
812 1858 944 1906 suavitates
954 1858 1015 1907 locis
1027 1858 1139 1905 omnihus
1149 1858 1176 1906 et
1186 1859 1264 1905 omni·

180 1925 215 1971 ila
226 1925 301 1972 etiam
309 1925 471 1984 patientiores
479 1925 565 1974 solatio
575 1938 629 1973 esse
637 1925 711 1973 debe·
735 1924 1115 1986 bustemporibussuppetebaut.
1122 1925 1264 1973 Animorum

180 2005 249 2051 mus3
271 1993 396 2044 nonenim
419 1993 513 2053 amitti,
532 1995 575 2042 sed
593 1996 711 2055 praemitti
735 1991 854 2053 imagines
864 2005 961 2053 semper
970 1993 1183 2052 nobiscumerant,
1191 1994 1264 2041 etiam

180 2061 310 2121 videntur,
329 2075 391 2124 quos
411 2075 461 2111 non
477 2063 618 2111 adsumtum
633 2076 710 2125 mors,
735 2061 831 2121 quarmo
841 2073 889 2108 non
902 2073 999 2116 eramus
1007 2073 1056 2108 una
1068 2075 1076 2106 τ
1087 2074 1142 2121 quae
1151 2073 1185 2108 ne
1198 2074 1264 2109 nunc

180 2130 224 2177 sed
233 2130 358 2179 aeternitas
367 2131 498 2191 receptura
511 2133 557 2179 est.
735 2130 835 2190 quidem
840 2130 982 2178 occiderunt
990 2129 1135 2190 assiduoque
1141 2130 1263 2188 advolant,

210 2197 249 2244 72.
265 2198 398 2247 Gessabunt
414 2211 471 2258 ergo
486 2199 601 2260 lacrymae
613 2216 621 2247 r
633 2201 676 2248 aut
690 2202 711 2248 si
735 2210 783 2256 quo
794 2197 884 2255 majore
895 2196 1031 2257 desiderio,
1043 2209 1072 2244 eo
1083 2197 1176 2261 majore
1185 2198 1263 2257 copia.

181 2278 277 2315 cessare
287 2279 338 2314 non
352 2266 485 2327 poterunt,
500 2266 526 2313 in
543 2267 711 2315 communibus
765 2265 804 2312 lt.
815 2267 897 2312 'l'eueo
908 2265 982 2324 igitur
992 2267 1031 2324 te,
1042 2265 1131 2324 irater,
1145 2278 1192 2313 nec
1201 2265 1263 2312 milri

179 2335 295 2383 lamentis
304 2335 368 2382 flebo
378 2337 418 2394 te,
430 2335 521 2392 irater,
535 2336 561 2381 et
572 2335 618 2382 sul)
628 2335 710 2382 dolore
735 2332 761 2379 te
777 2333 819 2381 aut
834 2346 899 2381 mors
915 2335 957 2381 aut
972 2336 1069 2393 tempus
1084 2334 1186 2381 avellet.
1204 2335 1264 2394 lpsae

180 2402 280 2461 publico
288 2401 543 2462 domesticosqemitus
551 2402 711 2461 teqam.Nam
735 2401 820 2448 dulces
839 2402 952 2462 lacrymae
972 2403 1043 2460 sunt,
1064 2400 1111 2461 ipsi
1133 2401 1206 2449 tletus
1224 2402 1265 2460 iu-

180 2480 277 2516 cessare
290 2470 333 2529 qui
343 2469 475 2529 poterunt,
492 2480 548 2516 cum
567 2469 599 2515 ad
615 2480 711 2516 omnem
735 2468 1088 2529 cundi,quibusrestinguitur
1095 2469 1166 2517 ardor
1174 2469 1264 2530 animi,

93 2560 95 2563 v
180 2548 267 2584 sonum
275 2537 383 2584 nominis
392 2537 429 2584 tui
436 2538 550 2597 lacryma
561 2537 710 2597 subrepant,
736 2538 762 2584 et
782 2537 853 2597 quasi
874 2538 998 2584 relaxatus
1018 2536 1134 2595 evaporat
1154 2536 1263 2584 affectus.

179 2605 222 2652 vel
232 2617 289 2652 cum
298 2619 358 2654 usus
367 2605 419 2666 ipse
431 2605 626 2654 recordationem
642 2607 711 2654 cxci·
735 2606 819 2666 Neque
836 2605 903 2653 enirn
919 2605 1012 2653 sinete
1029 2617 1081 2652 esse
1092 2616 1204 2665 possum,
1221 2605 1265 2653 aut

179 2674 230 2732 tat,
239 2675 280 2721 vel
291 2687 348 2722 cum
364 2674 466 2722 allectus
476 2673 610 2733 imaginem
620 2687 712 2735 reprae·
735 2674 771 2721 tui
780 2687 829 2721 uon
839 2674 980 2722 meminisse
991 2685 1113 2734 unquam,
1123 2674 1167 2720 aut
1176 2674 1264 2721 memi-

180 2744 275 2804 sentat,
285 2744 326 2793 vel
337 2757 394 2792 cum
405 2743 543 2792 recordatio
551 2743 661 2792 dolorem
671 2758 712 2792 re-
735 2742 800 2790 nisse
816 2744 869 2790 sine
887 2741 1009 2802 lacrymis.
1023 2742 1043 2789 0
1054 2741 1130 2789 amari
1139 2741 1209 2800 dies,
1220 2742 1264 2802 qui

180 2812 270 2861 novat?
285 2813 390 2872 Quando
407 2813 474 2860 enim
490 2813 562 2873 dees,
577 2814 621 2873 qui
637 2814 712 2862 tantis
735 2810 899 2870 interruptam
912 2811 1023 2870 copulam
1035 2809 1150 2870 proditis!
1161 2810 1182 2857 0
1192 2809 1265 2856 tlelri·
1309 2843 1313 2850 .

180 2879 269 2928 officiis
285 2877 484 2941 repraesentaris?
500 2879 578 2939 Ades,
595 2880 710 2941 inquam,
735 2881 772 2927 les
789 2881 890 2940 noctes,
901 2892 955 2940 quae
966 2879 1016 2926 tam
1026 2878 1117 2925 bonum
1129 2878 1265 2925 consortem

125 2986 128 2991 r
179 2950 206 2998 et
216 2963 313 3010 semper
326 2950 473 3010 offunderis,
484 2950 510 2998 et
527 2950 578 2998 toto
592 2950 619 2999 te
630 2951 711 2999 auimo
735 2948 838 3008 quietis,
855 2947 881 2994 et
898 2947 1053 2995 individuum
1070 2946 1132 2992 milri
1149 2944 1265 2993 comitem

179 3030 208 3065 ac
225 3018 308 3066 mente
325 3018 490 3079 complector,
508 3017 632 3077 adspicio,
652 3019 712 3065 allo·
733 3016 889 3077 perdidistist
908 3017 972 3075 Quas
988 3015 1094 3063 ederetis
1103 3019 1204 3073 cruces,
1215 3015 1266 3062 nisi

180 3098 254 3147 quor,
265 3088 374 3148 osculor,
385 3087 567 3147 comprehendo
574 3086 614 3134 vel
623 3086 651 3133 in
658 3087 710 3145 ipsa
735 3098 761 3134 se
772 3085 908 3133 offunderet
918 3086 997 3145 imago
1007 3084 1148 3145 praesentis,
1165 3083 1213 3130 uisi
1225 3083 1266 3130 vi-

180 3155 264 3213 quiete
274 3157 407 3214 noctvuua,
415 3154 455 3202 vel
463 3155 554 3201 inluce
563 3155 643 3212 clara3
653 3167 710 3201 cum
734 3154 814 3201 siones
821 3153 897 3201 animi
905 3153 1122 3214 repraesentarent,
1130 3163 1267 3212 quemspe·

180 3222 290 3270 revisere
305 3223 330 3271 et
346 3221 465 3271 consolari
481 3221 590 3282 dignaris
603 3233 711 3269 moeren·
734 3223 785 3270 cies
795 3223 902 3283 corporis
912 3221 1046 3282 denegaret
1053 3220 1068 3268 t·

180 3293 240 3337 tem.
262 3291 374 3352 Denique
385 3291 454 3350 ipsae
469 3290 521 3349 jam
539 3289 637 3348 noctes,
656 3303 710 3349 quae
764 3292 803 3340 vs.
812 3292 940 3350 lamiam,
951 3291 1028 3339 irater
1037 3290 1266 3338 animomeocaris·

180 3357 710 3417 quasimolestiores,viventete‚videban-
733 3358 810 3418 sime,
828 3370 976 3420 quamquam
987 3358 1014 3405 tu
1031 3357 1161 3405 immaturo
1176 3357 1264 3404 deces-

180 3430 234 3486 iur3
245 3428 310 3487 quod
318 3427 398 3475 mutui
407 3427 550 3486 conspectus
560 3425 656 3486 copiam
667 3426 710 3473 de·
733 3425 795 3472 seris
804 3426 891 3485 obitu3
902 3426 987 3472 beatus
997 3426 1094 3485 tamen,
1106 3424 1149 3484 qui
1157 3424 1205 3472 ista
1214 3435 1265 3472 non

129 3510 146 3551 ,·
179 3495 298 3555 negarent
310 3509 317 3542 ε
329 3495 382 3554 ipse
395 3496 447 3554 jam
464 3506 563 3543 somnus
577 3494 710 3554 colloquio·
733 3494 851 3553 sustines,
861 3506 907 3541 nec
918 3494 1035 3541 amissum
1044 3493 1145 3540 tratrem
1156 3502 1265 3538 moererc

180 3577 234 3611 rum
246 3563 382 3610 nostrorum
392 3563 485 3610 dudum
495 3562 646 3621 interruptor
656 3563 710 3609 ina·
733 3563 905 3622 compelleris,
921 3573 994 3622 quem
1004 3560 1133 3608 absentem
1144 3559 1189 3606 diu
1198 3558 1265 3607 ierro

179 3630 292 3688 inabills,
300 3630 379 3679 dulcis
389 3642 441 3678 esse
450 3631 501 3689 iam
512 3630 602 3690 coepit3
615 3630 673 3689 quia
683 3631 708 3677 te
733 3643 781 3678 non
791 3633 902 3692 poteras,
913 3631 957 3678 sed
965 3641 1066 3677 recursu
1079 3627 1155 3675 celeri
1168 3626 1266 3675 revise·

180 3698 242 3745 mihi
256 3699 371 3748 reddidit.
390 3702 442 3748 Non
459 3700 535 3761 igitur
550 3700 650 3760 miseri,
666 3700 710 3748 sed
733 3702 784 3749 bas.
795 3700 866 3759 Quod
873 3701 894 3747 si
901 3702 961 3748 tunc
971 3696 1110 3745 solitudinis
1118 3708 1181 3744 meae
1188 3695 1265 3743 taedirr

180 3765 261 3826 heati;
277 3779 380 3827 quorum
400 3780 447 3815 nec
462 3768 592 3827 presentia
610 3768 708 3829 delicit,
732 3770 868 3828 repellere,
884 3767 1027 3815 moestitiam
1043 3764 1158 3812 fraternae
1172 3763 1267 3810 ruentis

179 3847 226 3882 nec
241 3848 299 3883 cura
312 3836 447 3894 minuitur,
462 3838 488 3884 ct
503 3838 606 3896 augetur
620 3838 707 3897 qratia.
732 3837 846 3883 ablevare
856 3835 1016 3895 properabas;
1030 3833 1120 3892 quanto
1131 3844 1198 3879 nunc
1209 3843 1267 3878 cre·

180 3904 360 3952 Etenimsomni
368 3905 456 3952 similis
466 3905 545 3965 imago
553 3905 646 3952 mortis.
732 3902 800 3949 brius
809 3902 928 3950 afflictum
936 3902 1046 3949 animum
1054 3901 1129 3948 debes
1138 3899 1267 3958 revisere,

112 3982 116 3990 ·
211 3973 249 4020 is.
260 3972 329 4031 Quod
338 3971 359 4019 si
369 3971 396 4019 in
404 3971 488 4032 quiete
497 3972 616 4019 nocturna
621 3971 708 4019 vincu-
732 3971 758 4018 et
769 3982 801 4017 ex
812 3972 837 4018 te
848 3971 1007 4032 conceptum,
1018 3982 1063 4030 per
1072 3969 1098 4016 te
1109 3968 1189 4016 lenire
1201 3978 1272 4014 mm«

180 4041 423 4104 lisadhuccorporeis
431 4040 592 4099 inhaerentes,
603 4041 631 4087 et
638 4039 708 4100 quasi¹
732 4038 829 4086 rorem?
