2760 4800
223 395 253 445 52
503 436 505 440 1
609 395 732 440 SANCTI
747 395 908 439 AMBR'OSH

220 485 273 542 {ccii
283 481 326 529 sili
336 482 438 528 domum.
450 480 511 539 lirpo
527 477 632 537 Spiritus
650 476 747 524 sanctus
772 476 825 523 sine
838 488 955 536 munere,
964 487 1010 524 nec
1020 475 1074 524 sine
1089 475 1188 525 auctore
1199 487 1302 524 munus.

220 551 263 610 661
275 547 368 597 creavit
378 548 511 596 Dominicae
522 545 696 593 incarnationis
708 557 747 591 sa·
771 545 795 592 Si
806 546 918 593 vindicas
931 546 1048 606 gratiam,
1060 546 1133 593 crede
1147 545 1305 605 potentiams

221 618 387 677 uramentum,
411 616 477 676 quod
501 627 576 674 super
600 626 688 661 omnes
709 613 747 660 est
771 615 793 660 si
809 614 901 663 refutas
919 614 1070 673 potentiam,
1086 614 1189 673 gratiam
1212 626 1243 661 ns
1263 627 1306 662 rc-

221 686 361 744 creatdras,
376 684 496 745 quomodo
511 696 564 731 esse
580 683 662 743 potest
679 694 746 730 crea·
771 682 862 740 661666.
879 682 927 740 Qui
944 682 1064 743 Spiritum
1087 682 1202 742 negavit,
1219 682 1306 730 statim

221 754 295 804 tura?
771 752 871 810 negavit
880 753 907 799 et
916 751 1017 798 donum.
1028 752 1088 798 Nam
1099 751 1120 798 si
1135 751 1220 798 auctor
1231 751 1305 809 vilis,

234 825 336 872 ·6l.1)e
354 823 513 883 generalitate
530 823 614 870 autem
625 834 698 882 supra
708 834 748 869 os-
771 821 891 879 quomodo
899 820 962 867 dona
969 818 1150 879 pretiosaicur
1157 820 1247 868 nostris
1255 820 1306 881 ipsl

220 893 346 942 tendimus
356 892 414 951 quia
426 891 560 938 secundum
570 902 667 938 carnem
679 901 748 936 crea·
771 888 916 934 muneribus
927 888 1082 946 invidemus,
1094 900 1162 947 spem
1173 888 1307 936 imminui-

220 961 261 1010 tor
268 962 392 1008 estnoster
399 960 504 1019 Spiritus
512 960 610 1006 sanctus
617 957 747 1005 innomine
772 969 840 1015 mus,
852 957 997 1018 dignitatem
1007 957 1179 1018 repudiamus,
1191 959 1306 1007 consola·

221 1030 346 1078 exteriore
355 1043 362 1076 t
371 1042 436 1077 nnuc
447 1028 603 1077 ostendamus
610 1028 671 1088 6616
681 1039 748 1075 crea·
772 1027 851 1073 torern
861 1025 997 1095 negamus!

220 1099 260 1148 tor
269 1100 306 1147 est
323 1100 418 1158 noster,
430 1099 504 1145 eliam
514 1097 650 1145 secundnm
665 1097 748 1157 gratiae
802 1095 841 1142 66.
853 1096 902 1144 Sed
917 1096 988 1143 illum
998 1107 1089 1156 negare
1099 1107 1148 1143 non
1163 1107 1304 1155 possumus.

220 1169 408 1215 sacramentum.
426 1166 455 1213 Et
470 1166 534 1212 sicut
549 1167 616 1213 creat
631 1167 703 1213 Pater
713 1166 752 1229 ita=
772 1163 840 1212 ausit
849 1165 916 1212 enim
926 1166 955 1212 ut
963 1177 1081 1225 negemus
1088 1164 1154 1224 qnod
1164 1165 1305 1213 maximum

221 1237 288 1283 ureat
305 1235 332 1282 et
349 1235 440 1294 Filius,
459 1234 494 1281 ita
513 1234 581 1280 creat
599 1234 625 1281 et
642 1233 748 1294 Spiritus
772 1235 823 1292 est,
835 1246 891 1281 cum
906 1234 1034 1293 Apostolus
1048 1233 1131 1282 dicat:
1144 1235 1193 1283 Vos
1209 1237 1304 1292 cutem,

220 1303 746 1365 sanctus,sicutlepimus,dicentel’aulo:
772 1303 871 1361 matres,
898 1303 1024 1350 secuudum
1049 1304 1117 1350 lsooc
1139 1303 1305 1362 promissionis

220 1376 266 1424 liei
279 1377 341 1422 euim
358 1377 444 1421 dossum
460 1376 613 1430 661,66666
629 1371 748 1432 operibus,
771 1372 814 1429 fiiis·
828 1372 881 1418 estis
896 1372 953 1418 :sed
968 1373 1027 1419 sicul
1043 1373 1098 1418 tuuc
1114 1373 1155 1430 666·
1175 1372 1305 1418 secuudum

183 1495 185 1498 y
220 1455 250 1499 ue
260 1444 312 1503 puis
322 1443 447 1503 plectetur3
456 1443 526 1501 ipsius
537 1441 599 1487 euim
609 1453 689 1488 sumus
699 1441 749 1499 fuc-
772 1452 867 1486 carnem
874 1442 944 1487 uatus
953 1443 986 1488 est
992 1472 1000 1496 ‚
1009 1439 1189 1499 persequebatur
1199 1453 1251 1486 eum
1264 1439 1306 1500 661

222 1513 276 1558 turo
283 1543 291 1569 ,
300 1511 375 1559 mesti
390 1512 416 1559 iu
431 1511 524 1559 Glcrislo
535 1511 590 1557 lesu
604 1510 630 1558 irs
643 1509 749 1570 operibus
771 1510 896 1558 secundum
911 1511 1033 1569 Spiritum.
1044 1509 1137 1555 lterum
1148 1508 1305 1569 66666661)-

223 1579 297 1629 touis.
773 1577 872 1625 auditur
890 1577 921 1624 66
946 1577 1127 1637 superioribus,
1150 1578 1193 1637 qui
1214 1589 1305 1625 secun-

442 1645 534 1661 ·“““
773 1646 831 1693 dum
849 1645 968 1706 Spiritum
982 1649 1112 1696 natusest.
1124 1646 1171 1705 Qui
1189 1659 1246 1706 6666
1263 1659 1305 1696 66·

378 1695 505 1750 CAPUT
523 1695 594 1746 VH·
773 1717 879 1763 cundum
896 1717 1014 1776 Spiritum
1029 1716 1151 1775 nascitur,
1167 1716 1311 1764 secuudum>

221 1785 339 1826 Greallonis
354 1787 453 1837 spiritalis
467 1798 503 1826 seu
521 1787 687 1834 regenerationis
706 1796 748 1824 non
774 1786 851 1833 Deum
876 1786 996 1833 nascitur,
1020 1786 1181 1832 Renascimur
1205 1786 1303 1845 autem,

243 1841 751 1935 ἷᾚζέἓξῗὶᾞῙξΡῙῖῑοῑῑῗὲιξείᾒὲᾓῧῗξὲζέζ
773 1855 870 1914 666666
881 1855 907 1901 in
919 1855 1036 1902 interiore
1046 1865 1194 1901 renovamur
1204 1853 1304 1914 affeetu,

231 1942 234 1947 ’
244 1950 287 1996 116,
299 1950 388 1999 ejusque
400 1907 559 1998 prs-„siagrium
570 1950 679 1998 quomodo
692 1950 750 1996 6666
774 1923 799 2001 ef
810 1921 940 2001 merim&
950 1921 1058 2001 hmin'ffs
1068 1922 1218 1968 vetustatem
1229 1921 1305 1982 dem·

244 2003 371 2041 membrset
386 2013 463 2051 corpus
479 2003 632 2042 Deotrilmere
648 2003 750 2042 videnlur
773 1992 904 2038 nllnlls.Ei
919 1990 974 2037 ideo
989 1991 1024 2037 alt
1040 1991 1131 2037 lterum
1150 1989 1304 2049 apostolous
1341 2034 1342 2038 ,

243 2057 599 2114 merimueesmebeasimsmpls
625 2118 627 2125 Α
650 2119 652 2123 .
771 2061 1200 2120 llcuocumiuioutemspiriiumcutis
1208 2061 1304 2117 666166,

253 2129 292 2177 62.
313 2132 391 2181 Enuo¹
404 2132 471 2178 creat
496 2131 567 2178 Pater
585 2131 611 2178 in
633 2130 750 2190 operibus
773 2128 1305 2191 stinduiteuooumhominem,puiseouudum

223 2198 293 2245 bonis
312 2211 319 2243 s
332 2199 399 2246 creat
419 2200 444 2246 et
460 2199 550 2259 Filius3
562 2200 620 2259 quia
631 2199 750 2258 scriptum
773 2200 848 2245 neum
859 2202 950 2245 mucius
960 2200 994 2246 est
1004 2201 1029 2245 iu
1039 2199 1150 2254 ueritate,
1160 2197 1303 2256 stjuslitio,

223 2265 263 2312 est
277 2278 284 2310 s
300 2268 415 2326 Quotquot
433 2269 511 2313 aulem
526 2280 579 2313 eum
601 2268 750 2326 receperunt,
772 2269 795 2313 ct
815 2268 946 2314 sanctitate.
965 2266 1074 2314 apulam
1097 2265 1304 2325 quemadmodum

223 2335 283 2380 dedit
300 2335 332 2380 eis
348 2336 481 2392 potestatem
490 2334 549 2392 filios
568 2335 697 2392 Deisicsi,
715 2334 751 2382 luis
773 2335 895 2381 unitatem
910 2335 1002 2383 divinae
1013 2335 1162 2395 operationis
1178 2333 1304 2393 Scriptura

223 2404 265 2462 661
277 2403 373 2448 creduut
383 2404 408 2448 iu
418 2405 512 2450 nomine
527 2404 576 2461 ejus
586 2418 595 2449 .·
605 2405 646 2463 qui
662 2416 710 2450 mou
720 2418 750 2450 ex
773 2404 915 2463 signaverit.
926 2404 974 2462 Qui
984 2402 1119 2452 renovatur
1130 2403 1224 2462 Spiritu
1235 2413 1305 2449 men·

222 2470 386 2529 sompniuibus,
397 2484 470 2530 66666
484 2484 515 2518 ex
529 2473 649 2520 uoluntate
659 2473 750 2530 comis,
774 2473 817 2531 tis,
825 2473 907 2520 induit
917 2485 1008 2520 novum
1017 2471 1305 2532 1666616666,661666666·

170 2563 172 2569 ·
222 2544 296 2598 66666
308 2551 338 2586 eac
348 2539 466 2588 uoluntate
475 2541 535 2598 oiri,
545 2542 583 2588 sed
593 2554 624 2587 eac
633 2543 683 2587 Deo
699 2543 752 2596 uoti
773 2541 832 2588 dum
842 2543 920 2588 Deum
932 2543 1028 2589 creatus
1039 2542 1085 2589 est.

218 2612 286 2661 Asuui.
804 2609 842 2656 66.
862 2611 942 2658 Sancti
963 2609 1039 2669 igitur
1059 2609 1164 2668 Spiritus
1185 2620 1248 2669 opus
1267 2608 1306 2657 661

254 2675 292 2724 65.
314 2676 434 2726 Similiter
452 2691 485 2726 ex
503 2678 597 2739 Spiritu
616 2678 751 2727 secundum
774 2678 927 2738 regeneratio
945 2677 992 2725 ista
1015 2677 1189 2738 praestantium·
1202 2678 1228 2724 et
1245 2675 1304 2723 novi

222 2745 324 2805 gratiam
339 2759 384 2794 nos
395 2747 490 2794 renasci
500 2748 620 2796 Dominus
638 2749 691 2808 ipse
701 2748 752 2795 tes-
774 2744 847 2802 hujus
861 2744 981 2804 hominis,
996 2745 1039 2805 qui
1055 2744 1153 2792 creatur
1168 2743 1200 2791 ad
1216 2742 1304 2802 imagi-

222 2815 302 2873 tatur,
313 2814 660 2877 dicenssQuoduutumestem
671 2831 751 2874 curus,
774 2826 831 2860 nem
849 2814 909 2872 Dei,
927 2814 1013 2861 auctor
1033 2815 1070 2862 est
1087 2813 1193 2873 spirtius
1209 2823 1305 2873 :quem

222 2886 431 2944 66666616661666
442 2898 513 2932 curm
526 2888 752 2946 nolumestmtpuod
773 2883 860 2943 utique
883 2884 1011 2931 meliorem
1036 2885 1083 2931 hoc
1101 2882 1228 2930 exteriore
1241 2893 1305 2941 ,esse

221 2955 306 3000 autum
322 2957 356 3001 cst
370 2956 398 3001 66
412 2955 509 3014 spiritu,
522 2956 618 3015 spirituc
635 2958 681 3016 est3
696 2957 752 3014 puio
774 2955 855 3002 nostro
865 2954 964 3002 homine
974 2966 1045 3001 nemo
1056 2952 1216 3001 dubitaverit.
1225 2950 1307 3011 Siqui-

221 3025 285 3071 Dcus
295 3024 395 3082 Spiritus
413 3026 455 3071 est.
467 3024 523 3071 Noli
539 3025 623 3070 mirari
634 3025 690 3083 quio
701 3025 752 3070 disi
774 3022 829 3069 dem
846 3022 973 3070 coelestem
991 3023 1110 3079 alterum,
1128 3022 1257 3068 terrenum
1268 3018 1306 3065 al·

222 3090 276 3147 tibi,
284 3091 378 3150 Oportet
386 3103 426 3137 666
435 3093 502 3137 uosci
509 3091 593 3138 66666.
602 3093 702 3150 Spiritus
712 3092 754 3138 ubi
775 3092 856 3138 terum
877 3091 1005 3151 Apostolus
1027 3090 1173 3150 significavit
1193 3089 1304 3136 diceuss

222 3158 479 3216 6611661661,61666666
487 3157 536 3216 ejsss
547 3159 672 3206 6666166666
680 3161 752 3208 nescis
775 3161 855 3220 Qualis
866 3161 959 3208 coeleslis
964 3192 973 3217 ,
984 3161 1191 3207 161666166166166.

223 3227 283 3272 unde
303 3227 404 3282 666161,
431 3227 473 3272 661
490 3239 535 3285 666
550 3227 644 3287 666615
660 3227 694 3275 sic
718 3231 752 3276 est
804 3229 843 3276 67.
854 3231 916 3289 Ergo
933 3241 990 3277 cnm
1000 3228 1125 3275 coelestem
1143 3225 1307 3286 iaciatffratia

222 3296 297 3342 omus's
312 3297 352 3354 qui
362 3296 432 3341 uatus
442 3296 474 3341 est
484 3296 511 3341 66
521 3296 619 3354 Spiritu.
774 3297 904 3357 spiritalis,
913 3298 978 3358 quod
986 3299 1114 3345 terrenum
1124 3309 1209 3344 creare
1217 3297 1307 3358 possit,

255 3359 292 3408 uo.
301 3363 381 3410 claret
392 3363 467 3422 igitur
474 3362 594 3422 spiritalis
603 3377 700 3424 666666
710 3377 752 3424 se·
774 3367 848 3415 etiam
864 3380 940 3415 seusu
958 3367 1079 3416 dehemus
1090 3368 1233 3425 advertere,
1245 3367 1307 3416 licet

224 3429 358 3477 uerationis
365 3432 490 3479 auctorem
498 3443 550 3478 esso
558 3431 753 3492 Spiritumsanc·
774 3448 900 3484 careamus
919 3436 1048 3495 exemplis.
1072 3436 1139 3483 Dicit
1150 3435 1227 3491 ¹enim
1244 3435 1307 3483 alibi

222 3498 290 3558 tum;
306 3499 365 3558 qnia
379 3500 514 3547 secundum
530 3501 610 3548 Deum
626 3515 751 3563 creamur,
774 3506 872 3552 sanctus
881 3505 945 3552 iob:
960 3506 1023 3554 Vivit
1032 3507 1163 3562 Dominus,
1174 3507 1218 3564 qui
1225 3506 1259 3552 sie
1269 3518 1307 3552 ms

223 3568 252 3613 ut
262 3565 307 3612 lilii
319 3568 364 3614 lloi
375 3569 460 3616 simus.
472 3570 532 3629 Ergo
544 3582 600 3617 cum
616 3570 659 3617 ille
670 3583 715 3619 nos
725 3572 751 3619 iu
769 3574 874 3633 judicum
886 3577 908 3621 et
919 3575 1068 3634 Omnipotens
1072 3606 1081 3631 ‚
1093 3574 1135 3633 qui
1144 3573 1175 3619 66
1186 3573 1305 3620 amaritu-

223 3647 325 3695 regnum
348 3649 419 3684 sunm
436 3650 481 3698 per
503 3638 660 3698 adoptionem
676 3652 751 3690 saera
774 3645 969 3704 diocmperduscit
979 3644 1086 3690 animum
1096 3655 1173 3690 mecm
1185 3656 1193 3688 .·
1205 3644 1308 3702 Spiritus

223 3705 415 3763 regenerationis
425 3707 585 3767 adsumserit,
596 3720 639 3755 666
651 3708 675 3755 ei
684 3710 751 3768 quod
774 3715 853 3759 eutem
868 3713 970 3769 divinus,
982 3711 1024 3771 666·
1039 3714 1072 3759 661
1083 3713 1109 3758 m
1124 3710 1224 3758 auribus
1239 3711 1306 3758 meis.

224 3785 296 3819 suum
304 3775 353 3831 est,
364 3772 527 3834 denegamus?
535 3777 580 3824 llle
588 3789 631 3824 nos
639 3789 752 3837 supernae
774 3781 825 3826 Non
836 3780 922 3840 utique
930 3779 1044 3840 spiritum
1056 3779 1096 3826 liic
1107 3790 1193 3825 auram
1204 3777 1307 3825 vitalem

223 3842 418 3900 regenerationis
425 3842 610 3904 ieclthaeredes,
618 3858 663 3893 nos
670 3846 751 3895 166666-
775 3847 837 3895 liam
847 3849 873 3895 et
882 3848 1059 3907 spiramentum
1070 3858 1215 3906 corporeum
1227 3845 1309 3907 desig·

223 3908 328 3957 ditatem
343 3909 508 3972 vindicamus,
518 3912 654 3960 refutamus
669 3917 752 3963 aucto-
774 3916 857 3974 navit,
867 3916 912 3963 sed
927 3928 999 3964 nares
1009 3916 1050 3963 hic
1066 3914 1192 3963 interioris
1205 3915 1246 3962 sui
1262 3915 1309 3962 lio·

224 3977 295 4025 remi
309 3977 358 4027 Sed
375 3991 424 4027 non
442 3983 523 4041 potest
540 3994 639 4030 manere
658 3983 752 4030 beneti-
775 3985 848 4032 minis
867 3985 999 4044 siguificat,
1015 3984 1106 4046 qulbus
1125 3984 1183 4032 vitas
1205 3983 1309 4031 odorem

225 4045 752 4108 61666,66666661666661661166;6666666666
776 4052 891 4113 carpebat
909 4053 1020 4113 sterno,
1032 4054 1057 4101 et
1074 4051 1179 4114 matiam
1199 4050 1311 4102 coelestle
