2760 4800
153 389 200 438 aas
501 355 522 391 ⁶
545 384 665 428 sancus
684 381 843 427 aarnnosn
896 355 906 368 ⁸

48 448 51 454 ¹
152 466 249 520 nemini
265 465 382 517 noceant.
394 466 472 514 ‘Tales
487 476 532 525 ego
547 466 629 513 ambio
640 464 684 510 de·
709 462 735 509 iu
746 463 844 521 locum,
854 460 899 510 ubi
909 459 1017 509 Christus
1026 460 1109 508 hostia
1128 459 1174 508 est.
1192 459 1239 508 Sed

152 539 274 594 suasores,
285 535 348 582 tales
358 532 451 581 milites
463 533 542 580 babeo
553 545 560 578 a
572 532 619 578 hoc
630 531 682 588 est,
708 529 752 578 ille
762 541 838 590 super
849 529 940 589 altare,
951 529 1050 590 quipro
1062 529 1178 578 omnibus
1187 541 1239 589 pas·

152 618 201 653 non
213 603 296 652 mooli
306 602 413 661 milites,
424 601 468 649 sed
479 600 572 648 milites
582 595 685 646 Christi.¹
707 611 748 646 sus
763 598 800 647 est
812 598 872 647 :isti
892 598 938 645 sub
955 597 1044 656 altari,
1062 598 1107 658 qui
1123 597 1190 651 illins
1200 610 1239 647 re.
1251 654 1253 658 .

152 667 514 719 Nullamdetalibusinvidiam
526 666 683 725 timeo,quo·
707 667 783 715 demti
798 667 857 714 suut
873 666 996 727 passione.
1013 665 1086 717 llunc
1102 667 1238 728 egolocum

152 727 206 786 rum
217 749 265 798 quo
276 737 383 796 maiora,
400 749 429 784 eo
445 737 536 783 tutiora
546 733 681 795 patrocinia
706 736 937 795 praedestiuaueram
949 738 950 741 ’
964 735 1043 794 mihi;
1071 734 1176 795 dignum
1202 738 1237 786 est

151 809 218 856 sunt.
231 807 323 855 Horum
333 806 408 853 etiam
420 805 471 852 illis
481 804 557 865 ipsis,
568 803 609 862 qui
619 802 681 848 mibi
707 804 773 852 enim
791 806 819 854 ut
835 804 872 852 ibi
892 803 1031 865 requiescat
1052 803 1181 865 sacerdos,
1196 805 1236 870 ubi

151 888 193 923 cos
212 874 339 934 invident,
355 875 413 934 opto
433 872 557 933 praesidia.
575 872 681 919 Veniant
706 873 793 920 offerre
804 873 933 921 consuevit
944 885 951 917 =
962 872 1006 920 sed
1016 871 1078 919 cedo
1095 872 1172 920 sacris
1185 873 1235 922 vic-

151 956 209 1002 ergo
220 945 245 991 et
255 943 357 992 uideant
364 941 493 1002 stipatores
500 953 581 998 meos3
592 939 681 988 talibus
705 940 774 988 timis
787 941 917 988 dexteram
932 937 1087 999 portionem3
1105 940 1176 989 iocus
1191 940 1235 990 iste

150 1023 191 1059 ane
199 1010 273 1059 armis
281 1010 369 1058 ambiri
380 1023 429 1057 non
440 1012 559 1069 nego:11i
569 1011 594 1056 io
605 1011 681 1056 cum'-
705 1009 854 1068 martyribus
869 1008 1014 1055 debebatur.
1026 1007 1166 1056 condamus
1180 1021 1235 1069 ergo

153 1081 209 1138 bus,
220 1081 275 1132 ethi
284 1083 310 1128 in
320 1083 385 1140 cquis
395 1095 404 1127 .·
414 1093 456 1128 nos
467 1081 544 1127 autem
553 1082 578 1126 ab
588 1081 681 1126 maniae
704 1076 822 1136 reliquias
838 1076 1002 1123 sacrosanctas
1012 1076 1038 1123 et
1049 1074 1130 1134 dignis
1144 1075 1236 1125 aedibus

147 1149 609 1208 'Moriar'Deinootriroogoificcbimnr.
705 1144 866 1203 invehamus,
880 1142 1088 1203 totumquediem
1098 1143 1148 1192 fida
1163 1144 1245 1197 dero,
1282 1159 1284 1162 ’

182 1217 360 1264 il.»blisaeum
368 1217 497 1276 scripturae
506 1215 596 1263 divinae
604 1215 680 1264 series
704 1212 771 1259 tione
783 1213 945 1260 celebremus.
962 1229 976 1255 s

131 1288 133 1291 '
149 1286 240 1345 reieci,
255 1298 312 1332 cum
325 1286 356 1332 ab
366 1284 481 1333 exercitu
490 1284 604 1344 Syrorum
616 1285 680 1332 esset
735 1279 773 1328 ii.
785 1281 936 1332 decumani
946 1282 1064 1342 populus,
1074 1282 1105 1331 ut
1115 1283 1142 1330 in
1152 1284 1234 1332 Domi-

150 1356 275 1411 obsessus,
291 1353 386 1400 dixisse
403 1353 503 1402 timenti
518 1353 630 1412 servulo,
647 1365 679 1400 ne
703 1348 787 1396 uicum
795 1349 934 1398 differretur
942 1349 1008 1396 diem
1016 1351 1155 1411 martyrum
1163 1353 1234 1414 depo-

148 1423 249 1471 timeret
261 1437 268 1467 r
280 1425 335 1482 quio
345 1422 438 1481 piures,
451 1419 545 1479 inquit,
554 1434 599 1481 pro
613 1421 679 1471 uobis
704 1416 760 1464 titio
769 1431 775 1463 τ
784 1418 828 1465 sed
834 1418 933 1469 taudem
938 1418 1080 1478 obtentum,
1088 1420 1118 1467 ut
1124 1421 1235 1480 sequenti

148 1493 217 1548 eunt,
229 1501 301 1549 quom
309 1490 393 1534 contro
402 1487 529 1543 borretut
537 1487 583 1534 hoc
591 1489 679 1547 proba-
704 1487 775 1535 tieret
792 1488 842 1536 die.
861 1488 981 1548 Sequenti
1000 1489 1041 1536 die
1057 1489 1122 1540 talis,
1132 1489 1235 1544 mihiad

148 1558 201 1617 ret,
212 1557 304 1616 petisse
315 1555 343 1602 ut
354 1555 420 1602 oculi
430 1554 498 1610 Gieri
507 1556 677 1614 aperirentur:
703 1556 821 1616 populum
829 1556 920 1609 iterium
928 1568 1008 1604 sermo
1015 1554 1083 1606 fuit:

148 1625 238 1687 quibus
255 1624 298 1671 iiie
313 1623 421 1684 apertis,
436 1623 578 1671 innumeros
594 1624 678 1672 adesse
733 1627 772 1676 lt.
785 1643 799 1668 a
812 1626 932 1674 Hesterno
946 1626 1051 1675 tractavi
1060 1626 1234 1676 versiculums

148 1694 212 1742 vidit
232 1693 352 1753 propheta
375 1691 503 1739 exercitus
522 1693 677 1753 Angelorum.
703 1695 758 1742 Dior
773 1695 819 1742 dici
832 1695 924 1742 nectat
940 1693 1050 1752 oubam,
1065 1696 1143 1754 prout
1160 1696 1235 1748 nosti

149 1764 197 1810 iios
207 1763 254 1810 etsi
264 1774 305 1808 eos
314 1761 400 1810 videre
411 1773 459 1808 non
469 1772 609 1821 possumus,
622 1775 678 1810 sen·
703 1762 788 1820 captus
802 1761 862 1809 tulit
880 1760 974 1820 ingenii
990 1773 998 1806 a
1014 1759 1089 1808 hodie
1105 1762 1172 1818 mihi
1187 1775 1235 1818 nou

148 1832 226 1880 timus
243 1831 334 1878 tamen.
353 1831 427 1877 Erant
444 1830 521 1878 clausi
539 1829 582 1879 isti
597 1832 677 1891 oculi,
703 1829 781 1876 solum
791 1828 918 1890 superiore
928 1827 1054 1890 tempore,
1065 1828 1235 1890 sedprnsenti

147 1900 266 1958 quamdiu
276 1898 363 1946 obruta
371 1899 512 1946 sanctorum
522 1911 623 1959 corpora
634 1900 677 1947 de·
702 1910 799 1958 qnoque
817 1897 977 1958 prophetasse
992 1895 1097 1945 'videtum
1113 1899 1233 1960 scriptura

148 1967 304 2016 litescebant.
319 1966 422 2027 Aperuit
432 1967 515 2015 oculos
525 1968 619 2015 nostros
628 1969 678 2015 Do·
702 1965 795 2015 divina.
814 1969 875 2014 liam
893 1979 950 2015 cum
969 1966 1058 2014 diebus
1076 1979 1107 2015 ae
1121 1969 1232 2017 noctibus

149 2037 245 2098 minus,
257 2037 365 2085 vidimus
373 2037 481 2096 auxilia,
492 2037 583 2097 quibus
594 2051 677 2086 sumus
702 2034 870 2083 continuatam
886 2035 983 2084 videam
993 2035 1134 2084 sanctitatis
1146 2037 1231 2086 vestra

147 2117 213 2164 sepe
224 2105 329 2152 defensi.
340 2106 391 2152 Non
402 2105 547 2158 videbamus
554 2106 622 2166 bec,
634 2108 677 2154 sed
701 2103 888 2164 celebritatem,
900 2103 960 2153 istos
970 2116 1023 2152 esse
1031 2103 1087 2152 dies
1094 2103 1231 2164 prophetici

147 2175 299 2223 habebamus
316 2176 408 2225 tamen,
428 2175 513 2234 ltaque
529 2175 677 2234 trepidanti.
702 2171 817 2219 carminis
832 2171 931 2219 oracula
948 2171 1119 2233 declararunt,
1138 2173 1230 2222 hester·

146 2243 193 2291 bus
203 2242 272 2290 nobis
287 2244 357 2302 quasi
372 2242 465 2289 dixerit
481 2243 598 2292 Dominus
609 2257 616 2290 a
627 2244 676 2291 ad·
701 2251 761 2285 num
777 2239 851 2299 atque
869 2239 1029 2300 hodiernum,
1040 2239 1073 2288 de
1090 2241 1184 2300 quibus
1193 2253 1230 2302 op·

147 2313 236 2371 spicite
252 2311 355 2372 quantos
373 2310 445 2358 uobis
463 2312 585 2370 martyres
603 2312 676 2360 dede·
701 2306 875 2365 portunissime
890 2308 999 2355 divitari
1011 2310 1068 2356 Dies
1082 2310 1131 2357 diei
1145 2311 1229 2359 crocus

146 2380 195 2425 rim
204 2392 210 2426 :
218 2379 252 2427 ita
258 2379 373 2426 reseratis
381 2379 459 2426 oculis
467 2379 570 2438 gloriam
578 2381 675 2428 Domini
700 2377 796 2423 vebum
802 2392 811 2438 ,·
824 2377 849 2424 et
863 2377 923 2424 istas
933 2379 1033 2437 noctes,
1044 2376 1077 2425 de
1088 2378 1180 2438 quihus
1190 2391 1228 2440 ap·

146 2448 312 2506 speculamur,
318 2459 373 2505 quas
379 2447 417 2494 est
423 2449 557 2508 martyrum
564 2451 675 2509 passione
700 2445 795 2493 tissime
807 2439 959 2506 disputatur,
968 2448 1027 2506 quia
1035 2460 1088 2495 aen
1097 2451 1163 2497 nocti
1173 2451 1228 2497 iudi·

146 2511 284 2575 praeterita,
295 2516 321 2562 et
331 2516 474 2575 operatione
488 2529 604 2576 praeseus.
616 2519 675 2566 Eva·
700 2514 1228 2577 cotecieoticm.Quidenimaliudhocbiduo,

145 2581 235 2641 simus,
247 2581 349 2641 tratres,
360 2594 408 2629 non
417 2583 675 2645 mediocrempudoris
699 2581 748 2628 nisi
764 2582 868 2629 verbum
878 2583 925 2629 Dei
942 2582 1030 2631 intimo
1045 2585 1180 2633 eructastis
1196 2586 1226 2633 ai·

145 2650 403 2710 sarcinamtpatronos
414 2651 578 2714 habebamus,
595 2656 621 2702 et
632 2669 674 2704 ne·
699 2646 779 2709 secius
799 2651 825 2697 θῑ
842 2650 973 2699 “tentiam
993 2662 1038 2700 i⁰⁸
1059 2650 1157 2702 habere
1175 2653 1226 2702 stilti

145 2715 289 2764 sciebamus.
302 2719 446 2766 invenimus
461 2730 538 2766 unum
551 2718 612 2779 hoc,
626 2734 674 2781 quo
698 2719 859 2777 probavistis?
1201 2770 1204 2778 .

145 2782 274 2831 videamur
288 2785 403 2843 praestare
418 2785 561 2843 majoribus.
573 2786 674 2834 Sancto·
728 2785 766 2832 tb'.
776 2788 1226 2854 »cultamencelobritativestranqui

109 2896 111 2905 ,
143 2864 198 2899 rum
211 2854 345 2912 martyrum
357 2853 620 2915 cognitionem,quam
635 2857 672 2904 iili
697 2854 922 2914 soient,inuident.
938 2859 968 2904 Et
983 2859 1043 2918 quia
1059 2861 1225 2910 celebritatem

144 2919 291 2981 amiserunt,
303 2934 347 2969 nos
356 2922 441 2982 adepti
450 2935 541 2971 sumus.
696 2924 803 2971 uestram
821 2924 915 2974 invidis
930 2927 1020 2975 animis
1036 2926 1103 2976 terre
1114 2942 1166 2976 non
1176 2943 1225 2990 pos·

173 2989 211 3039 ia.
222 3007 235 3031 o
245 2990 370 3041 Eruuutur
378 2991 473 3038 nobiles
483 2992 594 3052 reliquiae
605 3006 619 3040 e
634 3005 673 3041 se·
697 2993 768 3052 suut,
784 3004 882 3042 causam
892 2994 1045 3043 celebritatis
1055 2996 1165 3045 ederunt
1177 3011 1184 3045 r
1195 2999 1225 3046 at·

142 3058 226 3117 pulcro
241 3058 359 3117 ignobili,
375 3059 536 3107 ostenduntur
545 3062 607 3110 coelo
623 3064 672 3112 tro-
696 3071 744 3117 que
761 3061 788 3106 in
803 3061 897 3108 tantum
914 3063 1028 3110 amentiae
1042 3064 1184 3126 prodeunt,
1200 3065 1224 3112 ut

141 3127 221 3186 pbaea.
234 3127 356 3186 Sanguine
366 3127 477 3176 tumulus
487 3129 586 3190 madet,
596 3143 671 3191 appa·
695 3129 788 3188 negent
793 3131 927 3190 martyrum
933 3131 1036 3192 merita,
1046 3144 1224 3194 quorumopera

141 3197 198 3252 rent
213 3196 307 3244 cruoris
321 3195 480 3256 triumphalis
494 3197 574 3257 notre,
591 3201 671 3249 inrio-
696 3198 770 3245 etiam
791 3199 913 3248 daemones
934 3201 1093 3250 confitentur.
1113 3202 1164 3251 Sed
1183 3205 1224 3250 boc

140 3264 196 3311 latas
215 3265 328 3323 reliquiae
348 3265 401 3312 loco
420 3277 464 3312 suo
482 3266 509 3314 et
527 3267 613 3315 ordine
630 3283 670 3317 re-
694 3278 743 3314 non
759 3268 863 3329 mirum3
877 3269 1001 3330 siquidem
1014 3271 1084 3319 tanta
1097 3272 1140 3320 est
1150 3273 1224 3323 incre·

140 3333 231 3390 pertas,
248 3333 360 3379 avulsum
378 3333 488 3382 humeris
503 3336 584 3394 caput.
601 3337 670 3385 Nunc
694 3335 1237 3398 doiorumpertidia,uttolersbiiiorsitdia·v

140 3411 213 3445 senes
220 3400 336 3458 repetunt
343 3400 439 3448 audisse
447 3413 474 3449 se
484 3402 615 3462 aliquando
626 3405 669 3456 tro·
694 3404 743 3452 boli
750 3407 893 3467 plerumque
903 3407 1031 3455 confessio.
1040 3408 1150 3455 Dicebat
1160 3410 1223 3458 enim

139 3477 195 3512 rum
203 3466 338 3525 martyrum
345 3466 462 3527 nomina,
473 3468 623 3531 titulumque
634 3472 670 3520 le·
694 3473 805 3522 diabolus
816 3487 823 3520 r
835 3478 891 3523 deso
899 3477 947 3524 Fili
955 3479 1002 3524 Det
1010 3478 1071 3534 viai,
1081 3478 1225 3536 quidoeoioii

140 3534 212 3592 gisse.
220 3533 362 3581 Perdiderat
372 3535 460 3584 civitas
468 3548 524 3583 suos
534 3540 668 3600 martyres,
693 3544 747 3589 cate
762 3546 850 3604 tempus
865 3545 971 3604 torquere
987 3543 1046 3592 nos?
1056 3546 1086 3591 ut
1101 3557 1160 3592 cum
1175 3546 1222 3594 bec

139 3614 194 3661 quae
205 3601 287 3662 rapuit
296 3603 398 3650 alienos.
408 3604 458 3651 Etsi
466 3605 512 3653 hoo
520 3606 567 3668 Dei
579 3619 668 3656 munus
692 3608 807 3657 audirent
816 3609 909 3671 ludaei3
921 3611 969 3671 ipsi
980 3611 1065 3658 tamur
1075 3612 1124 3659 Dei
1135 3613 1221 3660 Filium

139 3672 190 3728 esi3
206 3672 289 3718 tamen
305 3673 407 3732 gratiam
423 3684 500 3733 quam
515 3674 668 3735 temporibus
692 3677 853 3736 denegabant.
865 3681 894 3727 at
902 3691 967 3727 nunc
976 3679 1079 3728 audistis
1088 3680 1221 3729 clamantes

138 3737 267 3786 sacerdotii
285 3741 336 3788 mei
346 3742 464 3789 Dominus
478 3744 548 3792 iesus
563 3744 664 3806 tribuit,
692 3746 830 3806 daemones,
850 3749 876 3795 et
902 3748 1045 3796 confitentes
1072 3751 1220 3810 martyribus

137 3818 227 3867 uegme
237 3819 287 3856 nou
297 3822 397 3870 possum
411 3823 418 3857 a
430 3810 456 3859 et
465 3812 523 3872 quia
534 3813 588 3872 ipse
603 3827 666 3860 mar-
690 3814 755 3873 quod
766 3827 850 3873 poenas
857 3814 922 3863 terre
930 3827 979 3863 non
987 3816 1095 3877 possint,
1105 3819 1133 3865 et
1142 3818 1220 3866 diceu-

137 3877 178 3936 tyr
186 3888 239 3924 esse
250 3889 299 3925 nou
306 3891 412 3938 mereor,
421 3879 539 3929 bosvobis
546 3883 666 3941 martyres
691 3882 728 3929 tes
741 3895 747 3928 ε
759 3882 822 3940 Quid
833 3883 953 3945 venistis,
962 3884 991 3932 ut
1000 3896 1044 3932 nos
1054 3885 1106 3932 tam
1117 3886 1221 3946 graviter

137 3942 269 4005 adquisivi.
690 3951 839 4012 torqueat-isi
847 3954 877 4001 iit
883 3953 981 4002 Arriani
990 3953 1077 4003 dieunt
1088 3966 1095 4001 c
1107 3954 1220 4003 Nonsunt

75 4025 84 4042 .
169 4015 204 4063 t5.
218 4033 231 4059 s
243 4016 378 4068 Succedunt
385 4014 492 4070 victimae
501 4017 665 4084 triumphales
690 4019 731 4071 isti
749 4022 882 4082 martyres,
900 4034 946 4092 uec
962 4023 1077 4085 torquere
1094 4023 1224 4078 diabolum.

10 4390 131 4520 Ι
