2760 4800
361 458 403 502 DE
418 460 523 504 OBITU
538 461 789 529 VALENTINIANI
804 462 1029 509 CONSOLATIO.
1194 464 1238 511 lle

147 536 205 587 sunt
216 537 323 598 gemitus
332 539 391 599 mei,
401 540 426 588 et
437 553 571 589 cormeum
580 542 680 590 defecit.
705 542 805 604 iuveni,
823 544 893 602 eujus
903 542 961 593 aetas
973 545 1010 592 est
1028 545 1198 608 dornleuti0r3
1209 550 1236 594 ut

148 609 205 655 Sars
220 621 273 654 rnen
288 609 404 675 Dominus
410 611 480 666 ,dini
486 626 494 670 ‚·
507 613 556 659 idco
566 611 682 660 sustinebo
706 611 769 658 nolit
787 611 844 670 iuga
860 613 935 659 Verbi
958 612 1138 670 subjicIendam
1161 617 1238 662 animi

146 678 308 724 camdenus
326 679 360 724 est
376 680 493 727 Dominus
515 681 681 728 sustinentibus
707 680 816 738 praebere
824 682 955 729 cervicem.
963 681 1044 729 Potest
1052 683 1238 742 etgraveverbi

145 757 201 790 eum
209 776 218 802 ,
231 747 317 791 animas
337 758 389 805 puoe
405 749 489 806 quaeret
507 761 570 795 eum.
588 751 682 797 Bonum
704 748 791 808 jugum
802 746 881 798 videri
894 752 996 811 propter
1006 763 1080 799 onera
1091 751 1236 813 disciplinae,

147 814 182 860 est
193 826 287 873 sperare
303 814 329 860 in
347 815 451 862 salutare
468 819 573 864 Domini.
588 820 681 864 Bonum
706 818 875 866 austeritatem
887 819 1060 878 correctionis,
1077 821 1173 880 pondus
1183 821 1239 867 abs-

145 884 180 929 esl
195 883 247 928 ntra
260 895 315 928 curn
328 884 456 942 portaverit
466 884 552 945 jupum
568 899 638 946 praee
654 888 678 932 in
706 887 835 946 tinentiae,
855 889 1087 948 restrictionemque
1115 889 1235 948 lasciviam
1327 922 1334 930 ,

142 954 318 1009 inventute-saa
330 966 338 999 ε
350 954 604 1015 sedebitsinpulariter,
615 959 637 1003 et
647 957 680 1004 si·
706 966 782 1002 suave
799 955 884 1003 tamen
907 968 961 1002 esse
981 956 1064 1003 fructu
1081 957 1178 1016 gratiae,
1194 969 1238 1017 spe

146 1020 213 1080 lebit,·
225 1022 282 1081 quia
293 1022 435 1081 tulitjupam
447 1037 524 1082 praee.
533 1025 563 1071 Et
573 1021 616 1071 ille
624 1025 681 1085 qui·
707 1025 914 1071 remunerationis
929 1026 1041 1084 aeternae,
1052 1026 1159 1086 purioris
1183 1038 1239 1072 con-

144 1088 203 1137 dem
211 1101 236 1136 se
247 1101 345 1137 suarum
353 1089 680 1139 virtutumremuneratioue
705 1092 816 1139 seientia·
824 1092 955 1140 suavitate.
967 1095 1059 1140 Tamen
1070 1095 1155 1154 jugum
1162 1095 1238 1141 Verbi

145 1157 253 1216 solatur3
265 1170 294 1204 ea
303 1157 368 1217 quod
379 1158 405 1203 in
414 1157 547 1214 juventute
558 1173 601 1208 sua
612 1161 681 1207 labo·
705 1172 780 1207 suane
789 1160 867 1219 dixit,
876 1172 937 1207 anus
945 1160 1092 1207 obedientiae
1100 1162 1169 1219 leve3
1178 1174 1239 1220 quo·

145 1239 186 1273 res
194 1226 453 1285 absorbuit,perIcula
462 1229 540 1276 multa
548 1229 679 1290 taleravlt3
705 1228 861 1289 nlameiqui
875 1231 961 1289 iugum
972 1229 1048 1275 Verbi
1064 1229 1171 1288 patienti
1186 1242 1240 1277 cer·
1305 1258 1308 1261 Δ

143 1295 231 1354 jugum
249 1295 338 1341 maluit
348 1307 422 1355 grave
435 1296 610 1344 emendatioris
621 1311 680 1358 pra·
705 1297 760 1344 vice
769 1298 926 1357 susceperit,
942 1296 1079 1357 disprltnae
1090 1309 1152 1345 auus
1162 1309 1238 1358 gravo

146 1363 236 1424 positi,
262 1376 336 1424 quam
357 1363 432 1410 molle
452 1363 516 1410 illud
532 1377 560 1411 aa
576 1366 680 1424 plenum
705 1375 817 1411 essenon
827 1365 928 1424 poterit.

142 1432 302 1492 delieIarum,
312 1431 398 1482 uirida
409 1433 501 1480 mentis
512 1434 610 1481 cervice
621 1447 680 1495 por·
736 1431 773 1478 li.
784 1433 831 1489 Qui
848 1445 905 1493 erga
917 1433 1005 1482 tulerit
1024 1447 1038 1481 a
1055 1435 1186 1493 iuventute
1195 1435 1236 1494 iu·

144 1503 210 1548 tare.
266 1550 269 1555 ,
704 1502 937 1560 gumsmguuruer
948 1501 1054 1561 sedebit,
1062 1504 1087 1550 et
1095 1503 1235 1562 silebit,re·
1328 1550 1331 1560 ,

177 1570 216 1618 Id.
225 1571 315 1618 Beatus
325 1571 398 1630 plane
406 1571 451 1632 qni
463 1571 503 1619 vei
515 1573 541 1619 in
550 1571 679 1622 senectute
704 1569 954 1628 velatasibigaudens
963 1569 1236 1619 divinaeremuneratio·

144 1640 256 1686 correxit
266 1651 390 1699 errorem,
406 1639 493 1688 beatus
514 1639 556 1700 qui
574 1641 616 1687 nel
634 1640 679 1687 sub
703 1637 840 1685 uisaeterua
852 1639 978 1698 mysteria.
989 1639 1037 1685 dut
1049 1639 1116 1686 certe
1133 1640 1237 1700 silebit,

146 1706 198 1755 ictu
217 1707 303 1754 martis
327 1708 439 1758 animum
458 1708 550 1755 avertit
567 1720 581 1754 a
600 1708 679 1756 viliis.
705 1718 755 1752 uon
770 1718 831 1766 opus
848 1707 941 1754 habeus
955 1708 1236 1768 excusatlouepeccati‚

144 1778 215 1824 Beati
225 1776 292 1823 euim
303 1789 405 1836 quaeram
422 1778 483 1823 tecta
497 1778 552 1824 sient
564 1780 678 1837 pcccata3
704 1774 769 1834 quod
781 1775 876 1822 matura
887 1775 1039 1823 confessione
1054 1777 1191 1836 praevenit,
1209 1780 1236 1824 et

144 1843 205 1902 quia
215 1843 334 1904 seriptum
342 1843 380 1890 est
392 1857 399 1889 ε
411 1845 495 1892 Desine
506 1858 522 1890 a
530 1846 602 1901 malo,
611 1846 632 1891 ct
640 1845 679 1903 tac
704 1854 807 1900 propera
815 1842 967 1890 correctione
978 1842 1159 1906 deposuitNon
1167 1845 1235 1892 enim

146 1913 247 1971 bonum,
267 1916 288 1961 et
304 1913 411 1960 inhabita
421 1915 447 1958 r'n
463 1913 574 1960 secutum
590 1914 678 1961 saecuti.
704 1908 795 1955 dicitur
805 1909 865 1956 huic
876 1922 883 1955 ε
896 1912 952 1970 Quae
964 1907 1115 1968 injuventute
1124 1925 1172 1958 non
1180 1925 1234 1959 eon·

143 1978 299 2039 Quinumque
308 1991 366 2040 ergo
377 1979 480 2027 desierit
493 1978 641 2038 apeccatis,
654 1981 679 2025 et
704 1980 942 2039 areaattfflaomoao
960 1980 1060 2027 invenies
1068 1981 1096 2026 in
1106 1981 1241 2028 senectute?

144 2047 223 2095 tuerit
241 2048 273 2095 ad
288 2049 390 2096 meliora
409 2047 435 2093 iu
448 2058 604 2107 quacumque
621 2060 679 2095 con·
703 2045 1236 2109 Potestautemetsiciutelligi,quoniamqui
1280 2096 1285 2109 ,

146 2129 233 2165 versus
243 2117 330 2178 aetate,
347 2116 450 2164 habebit
469 2116 624 2175 superiorum
640 2117 679 2164 in·
704 2115 752 2161 etto
761 2116 896 2176 portaverit
904 2116 990 2176 iugum
1000 2117 1092 2176 Verbi,
1103 2117 1235 2176 hoc⁴est,a

144 2185 298 2246 dulgentiam
310 2187 476 2246 peecatorum,
485 2197 541 2244 quae
552 2184 628 2232 fuerit
637 2186 678 2254 vel
701 2183 849 2245 iuventute,
860 2198 910 2233 uon
924 2198 951 2234 se
966 2185 1081 2233 miscebit
1093 2199 1149 2234 curn
1163 2186 1236 2244 juve-

145 2255 282 2314 poenitendi
291 2255 416 2302 confessus
428 2255 532 2313 alteetu,
548 2254 589 2302 vel
602 2255 679 2301 corri-
702 2253 789 2314 nibus,
803 2254 847 2309 sed
867 2254 964 2303 sedebit
982 2266 1091 2301 seorsum
1103 2255 1129 2303 et
1138 2255 1235 2314 silebit,

145 2322 220 2381 gandi
232 2322 357 2370 aversatus
369 2321 479 2382 ingenio.
492 2321 540 2368 Sed
549 2321 610 2368 huic
621 2335 678 2369 eum
703 2322 781 2369 danea
791 2324 865 2382 plena
873 2335 899 2370 se
910 2321 1062 2383 perfectione
1071 2323 1171 2370 vlrtutis
1180 2335 1237 2371 eru·
1289 2357 1292 2362 .

142 2389 678 2450 plurimisveniaesocietasemerendae31>nu
702 2391 768 2451 diat,
780 2393 805 2439 et
816 2404 929 2451 magnam
941 2390 1028 2438 induat
1044 2391 1126 2439 animo
1137 2393 1236 2452 patien-

145 2471 207 2506 uum
217 2471 285 2507 surm
300 2461 356 2506 sunt
366 2460 408 2519 qui
421 2471 446 2505 se
457 2471 471 2505 a
481 2458 591 2518 peccatis
602 2460 628 2507 et
639 2461 678 2506 lu·
702 2461 763 2507 tiam
775 2473 782 2506 r
800 2461 916 2521 dabitque
935 2460 1088 2520 percutienti
1106 2461 1234 2508 maxillam

145 2527 213 2574 brtco
227 2527 366 2586 juventutis
377 2527 403 2574 iu
414 2528 543 2575 senectute
560 2541 678 2576 revocare
703 2541 787 2590 suam,
800 2529 874 2577 etiam
891 2528 966 2576 caedis
987 2520 1148 2575 contemnens
1169 2527 1236 2586 inju-

144 2597 279 2654 potuerunt
290 2610 297 2642 ι
309 2609 380 2644 rarus
395 2597 478 2643 autem
488 2597 531 2656 qui
548 2595 574 2642 in
588 2597 679 2654 inven-
703 2595 783 2657 riam3
801 2597 831 2643 ut
847 2595 969 2642 mandatis
988 2595 1137 2655 obsequatur
1149 2596 1234 2642 eoeles-

144 2665 198 2712 tute
206 2677 280 2725 grane
288 2665 444 2724 jugumseria
454 2664 586 2712 sobrietate
595 2666 678 2724 porta-
703 2664 778 2712 tibus.

144 2733 218 2780 verit.
230 2734 280 2779 lloc
292 2734 329 2779 esi
340 2731 403 2778 illud
416 2733 513 2790 jugum,
525 2733 556 2779 dc
568 2742 617 2792 quo
628 2735 679 2780 Da·
734 2733 896 2793 tanagrum
908 2735 945 2782 est
957 2736 1024 2783 enim
1034 2737 1076 2781 rel
1088 2735 1236 2783 abstineres

143 2801 227 2848 minus
241 2802 268 2847 iu
279 2799 411 2859 Evangelio
430 2801 484 2846 ait:
499 2801 581 2848 Venite
596 2803 627 2847 ad
642 2816 679 2851 me
703 2801 773 2849 vitiis
782 2803 977 2861 juveututIs,vel
987 2814 1041 2848 eam
1049 2802 1075 2848 in
1086 2802 1139 2861 ipso
1148 2803 1236 2860 iuven-

142 2882 235 2925 omnes,
246 2869 287 2928 qui
297 2867 425 2924 taboratis,
437 2869 460 2914 et
476 2868 568 2914 onerati
579 2870 632 2916 estis
637 2884 646 2929 ‚-
657 2873 679 2917 ct
703 2871 763 2916 tuns
775 2871 898 2918 vestibulo
915 2870 1104 2928 derelinquere,
1119 2870 1192 2929 atque
1204 2871 1236 2917 ad

142 2952 185 3000 epa
195 2951 236 2986 vos
243 2937 347 2996 reficiam
359 2950 367 2983 ε
378 2936 449 2984 tollite
458 2936 540 2996 tapam
549 2949 627 2983 meam
638 2951 678 2986 su·
703 2939 796 2985 seriora
807 2938 934 3002 couverti3
950 2937 1052 2984 lubricae
1064 2938 1130 2982 euim
1143 2937 1167 2984 et
1178 2950 1236 2997 per-

141 3023 185 3069 per
200 3021 249 3055 aas.
267 3005 292 3053 Si
312 3004 367 3066 quis
382 3017 440 3064 ergo
460 3005 594 3065 antequam
610 3006 678 3065 gravi
703 3006 785 3066 plexae
803 3005 860 3053 sunt
883 3005 933 3053 riae
953 3004 1102 3063 juventutis.
1123 3005 1236 3071 Demque
1255 3034 1261 3039 „

144 3077 261 3124 oneretur
282 3074 441 3135 peecatorum
461 3072 571 3133 sarcina,
591 3075 679 3123 tulerit
703 3070 816 3120 Salomon
824 3073 873 3119 ait:
885 3074 942 3120 Tria
953 3072 1012 3119 milri
1020 3073 1170 3132 impassibilia
1181 3076 1237 3121 sunt

143 3145 229 3204 iugum
240 3143 265 3189 iu
275 3142 425 3202 iuventute,
435 3141 596 3202 singulariter
606 3141 679 3190 sede·
702 3143 836 3204 intellipere,
846 3142 1053 3202 etpuartumpuod
1060 3154 1108 3189 non
1115 3155 1234 3204 capnosea.

145 3212 182 3258 bit
191 3223 254 3258 :uon
264 3223 319 3258 cum
328 3211 442 3271 plurimis
451 3208 623 3270 conterendus,
634 3209 678 3258 sed
704 3212 807 3272 Vestipia
817 3213 902 3272 apailae
921 3212 1021 3259 notantis
1027 3243 1036 3268 ‚
1052 3213 1132 3258 etuias
1142 3225 1235 3272 serpen·

144 3293 200 3326 cum
212 3281 253 3327 illo
264 3280 307 3339 qui
319 3279 490 3339 potestdicere
502 3291 512 3324 :—
522 3280 638 3340 Quoniam
652 3282 678 3327 ln
703 3283 732 3329 tis
743 3282 842 3340 inpetro
851 3312 860 3337 ,
870 3281 892 3326 et
902 3281 997 3327 semitas
1011 3281 1078 3327 nasis
1088 3281 1233 3340 numanatis,

144 3350 294 3408 singulariter
305 3350 330 3394 in
340 3362 378 3409 spe
389 3349 528 3396 constituisti
537 3361 584 3394 nne.
663 3400 664 3403 Ἴ
702 3352 724 3397 ct
739 3350 791 3409 pins
801 3350 849 3396 oiri
868 3350 893 3394 in
903 3349 1033 3406 juventute.
1051 3346 1132 3394 David
1151 3349 1235 3396 autem

175 3418 213 3462 ll.
225 3417 273 3464 Sed
284 3417 345 3464 torte
353 3417 420 3464 dicas
430 3429 437 3462 ε
449 3416 576 3474 Quomodo
586 3417 674 3477 jugum
702 3416 737 3463 ait
747 3428 756 3461 t
768 3417 859 3464 Delicta
862 3416 1053 3475 juventutismeae
1061 3418 1083 3462 et
1093 3418 1234 3475 ianarantIoe

144 3494 218 3543 grave
227 3484 288 3530 dicit
299 3483 452 3544 uteremlas,
462 3495 519 3530 cum
529 3483 555 3529 in
565 3484 677 3544 Evange-
701 3498 758 3532 mese
773 3498 802 3530 nc
819 3486 961 3531 memineris.
981 3482 1084 3530 iuvenis
1100 3484 1167 3531 enim
1183 3496 1234 3532 non

145 3552 179 3598 lio
205 3552 322 3599 Dominus
336 3550 430 3598 dixerit
457 3564 464 3596 ε
487 3552 574 3610 lupum
598 3565 676 3599 meum
702 3555 779 3600 solum
791 3551 922 3612 fragilitate
934 3551 1036 3598 lubricae
1054 3551 1133 3599 aetatis
1148 3553 1232 3612 prola-

145 3634 230 3678 suanc,
241 3623 264 3668 ct
274 3633 333 3668 onas
341 3633 420 3668 meum
436 3621 481 3668 lene
491 3623 525 3668 est
534 3621 545 3665 t
554 3623 587 3667 de
598 3621 677 3681 primo
702 3622 784 3680 bitur,
802 3621 976 3669 verumetiam
992 3620 1128 3679 ignorantia
1145 3623 1233 3685 eoeles-

145 3689 222 3749 disce,
231 3689 290 3749 mita
298 3691 398 3738 Graecus
409 3692 492 3752 jupam
508 3689 677 3741 tautummodo
702 3688 765 3737 tium
787 3687 957 3736 mandatorum
982 3689 1129 3749 plerumque
1153 3687 1233 3735 delin-

146 3759 236 3819 posuit,
247 3773 296 3807 nan
307 3759 400 3808 addidit
414 3775 493 3822 pratis.
506 3761 599 3807 'lamen
610 3761 636 3807 et
646 3760 677 3806 il·
701 3759 772 3820 quit:
785 3758 833 3805 cito
846 3757 929 3804 autem
940 3757 1052 3805 meretur
1062 3757 1176 3811 veniam,
1186 3756 1230 3814 qui

146 3828 189 3876 lud
196 3828 308 3888 adverte,
318 3829 377 3888 quia
387 3829 433 3876 etsi
445 3829 478 3875 ita
486 3829 551 3878 esset
561 3829 588 3876 in
598 3829 677 3876 l'lrre-
701 3826 832 3889 praetendit
840 3825 1010 3887 ignorantiam.
1019 3825 1141 3884 Propheta
1149 3823 1232 3880 itaque

145 3897 200 3956 uls,
220 3897 246 3943 ln
258 3897 390 3958 Evangelio
408 3898 491 3945 tamen
508 3899 593 3959 jupam
603 3912 677 3947 snare
701 3895 762 3944 dicit
773 3910 780 3944 c
791 3897 881 3944 Delicta
888 3895 1015 3954 insaniatis
1025 3894 1112 3941 nneoect
1120 3893 1233 3950 tonsoran-

146 3965 227 4026 dixit,
247 3967 272 4014 et
290 3967 419 4022 onasteae,
437 3977 487 4012 nou
505 3966 590 4025 inguim
608 3967 675 4016 lene.
701 3969 739 4015 tioe
749 3979 807 4012 meoe
823 3977 853 4012 ne
870 3965 1011 4010 memineris.
1027 3958 1234 4007 Nandiaitzlle·
1281 3971 1283 3975 ³

144 4035 228 4083 Potest
244 4034 310 4084 enim
329 4045 403 4094 grave
420 4034 508 4094 iugum
519 4034 594 4082 Verbi
611 4048 675 4094 esse,
701 4035 760 4082 licta
771 4031 906 4080 senectutis
916 4043 994 4088 meae,
1007 4028 1032 4075 et
1048 4025 1158 4073 scientim
1168 4036 1230 4074 meae

144 4101 190 4149 sed
208 4114 283 4152 suave
302 4116 308 4148 =
325 4113 399 4162 grane
415 4100 579 4160 adolescenti,
600 4113 673 4159 gram
701 4099 902 4150 nememinerlst
915 4095 1036 4156 sedqnasi
1047 4092 1164 4201 pmffimta
1189 4096 1232 4155 qui
