2760 4800
395 362 399 368 ’
478 384 718 431 rrrsronnuuu
731 386 867 434 cnissis
881 388 901 435 1.
1197 387 1242 437 suo

158 464 253 514 vidium
263 477 314 514 non
328 463 396 514 erasi
407 477 501 526 equam
512 467 613 527 quidem
625 466 690 516 inri-
717 471 743 517 ot
753 469 817 516 intra
833 483 840 518 c
856 470 943 520 omnio
954 482 1102 533 priorumque
1117 472 1186 521 lintei
1197 476 1245 522 Po·

158 534 226 582 diam
245 547 289 595 ego
307 533 493 594 temperandam
509 535 626 596 arbitror,
640 548 690 584 uon
715 540 822 598 tennes
831 542 896 587 sunt.
907 538 937 585 Et
946 539 976 586 de
986 538 1081 599 Spiritu
1095 542 1194 602 sancto,
1205 542 1245 590 di·

157 603 304 652 timendum.
327 603 392 662 Quid
410 603 477 652 euim
494 603 625 653 timeamus
644 618 689 664 pro
715 620 775 656 cens
792 609 850 669 quia
870 609 974 670 Spiritus
995 609 1086 658 eluisti
1104 611 1149 671 sit,
1168 613 1194 660 et
1212 613 1249 661 de·

156 671 248 719 Christi
259 671 435 721 nominelllisi
443 671 506 721 torte
517 672 578 720 illud
588 685 689 721 morere
714 678 809 725 Christo
826 679 936 739 accepit,
956 679 1020 727 sicut
1041 679 1160 740 scriptum
1180 682 1242 730 estr

156 753 199 788 me
210 740 298 800 debet,
309 741 375 802 quod
385 741 472 790 aiunt:
484 742 545 802 Ergo
553 752 603 788 non
614 740 690 789 debet
713 747 756 794 ille
766 748 792 793 de
800 760 850 794 meo
859 749 970 807 accipiet,
981 749 1004 795 ct
1013 749 1164 796 annuntiabit
1169 750 1241 800 vodis.

156 808 376 869 imperatorunam
384 810 689 870 Basilicemaceipere,ad
743 813 1243 877 55.Quidigiturnonhumiliterrespon·

156 889 232 937 quam
241 877 357 938 procedat
368 891 376 925 z
388 879 414 927 et
421 880 476 938 plus
484 879 538 927 nuc
547 878 688 928 Ambrosius
713 894 768 929 sum
778 880 872 929 anobis
879 880 931 930 esti
942 881 967 928 Si
976 882 1099 931 tributum
1107 882 1183 946 petit,
1193 898 1242 934 non

156 957 245 1005 posse,
260 959 334 1006 quam
344 947 491 1006 imperatum
504 948 533 994 ut
545 947 688 1006 imperatori
712 961 838 1009 negamus.
850 949 907 1009 Agri
922 950 1037 998 iicctestae
1048 951 1146 1000 solvunt
1160 954 1242 1003 tribu·

155 1013 443 1080 prodeundi-taculmtem
452 1013 541 1074 neget?
550 1015 620 1074 Quod
630 1027 687 1062 cum
712 1015 765 1065 ium
776 1030 785 1066 r
797 1018 819 1066 si
828 1031 898 1078 egros
908 1018 1031 1071 desiderat
1039 1018 1185 1082 imperator,
1196 1035 1243 1083 po·

155 1082 687 1143 dicunt,apprehenderesermonesnostros
711 1085 827 1134 testatem
844 1087 919 1135 habet
934 1086 1151 1148 vindicandorum
1167 1104 1240 1140 nemo
1311 1120 1312 1124 =

155 1151 274 1215 gestiunt,
285 1152 433 1200 sicutiudaei
443 1152 488 1213 qui
496 1152 618 1202 Christum
629 1163 687 1200 uer-
701 1155 821 1203 ‘nostrum
837 1153 979 1203 interuenit.
999 1156 1080 1203 Potest
1090 1159 1241 1216 pauperibus

155 1220 212 1268 suto
222 1232 334 1269 sermone
345 1220 475 1274 tentabunt
490 1220 601 1267 dicentes
611 1233 618 1266 c
630 1221 686 1267 Mo·
711 1223 808 1271 collatio
823 1222 908 1283 populi
919 1222 1055 1271 redmrdare
1067 1237 1074 1269 c
1086 1237 1136 1272 non
1147 1225 1241 1276 iaciant

154 1289 240 1350 glutem
255 1289 307 1336 dcet
321 1288 436 1336 tributum
451 1289 508 1335 dore
519 1289 623 1344 cesari,
640 1289 682 1335 cut
710 1288 742 1337 de
751 1290 816 1350 agris
826 1289 961 1347 invidiam,
976 1290 1065 1339 tollant
1081 1304 1136 1362 eps,
1147 1295 1169 1340 si
1182 1295 1241 1343 libi·

127 1398 129 1402 .
154 1355 220 1406 aon?
231 1355 363 1417 Semperne
375 1357 405 1404 de
418 1357 509 1403 censure
525 1355 629 1404 seruulis
638 1354 684 1402 Dei
709 1355 761 1406 tum
771 1355 809 1404 est
820 1354 962 1415 imperatori
973 1356 1125 1417 rnondono,
1137 1360 1237 1410 sednon

153 1423 250 1473 invidia
258 1420 442 1473 commovetur?
453 1423 483 1471 Et
492 1423 539 1471 hoc
549 1423 581 1470 ad
591 1424 684 1472 calum·
709 1434 781 1483 nego.
794 1424 886 1472 iturum
894 1424 1019 1484 querunt,
1030 1436 1127 1494 possum
1137 1428 1236 1478 diceret

153 1493 223 1547 niam
233 1492 281 1542 sihi
298 1493 400 1541 arcessit
413 1491 546 1553 impietas,
556 1491 585 1539 ut
602 1492 682 1552 impe·
709 1492 840 1550 Argentum
849 1493 875 1540 et
882 1504 969 1539 aurum
979 1505 1128 1553 nonquaero.
1140 1498 1188 1544 Sed
1198 1499 1239 1546 ins
1256 1520 1259 1532 =

152 1563 217 1614 rialo
227 1570 316 1610 nomeu
332 1560 463 1610 obtendat?
481 1562 510 1609 st
525 1561 567 1608 isti
582 1562 682 1622 possunt
708 1559 798 1607 vidium
815 1559 923 1621 iaciunt,
938 1561 996 1620 qula
1012 1574 1100 1609 aurum
1115 1567 1236 1626 erogatur.

152 1629 238 1680 dIcere
256 1631 322 1691 quod
339 1643 424 1678 eorum
446 1642 495 1678 non
515 1630 622 1678 habeant
643 1642 682 1677 sa·
707 1627 755 1676 Nec
777 1642 821 1690 ego
842 1630 904 1677 hene
926 1629 1048 1677 invidiam
1068 1633 1235 1690 perhorresco.

152 1699 299 1761 erilegium,
314 1711 419 1760 quorum
428 1697 556 1747 imitantur
566 1698 683 1762 magiste-
707 1695 790 1745 Habeo
808 1698 906 1745 aerarios
925 1710 933 1744 c
954 1699 1034 1746 aerarii
1052 1700 1103 1748 mei
1116 1715 1238 1764 pauperes

153 1767 237 1819 rium?
707 1763 795 1812 curisti
803 1766 951 1824 sunt,hunc
960 1767 1019 1815 nori
1027 1779 1172 1829 congregare
1182 1774 1237 1822 the·

182 1840 223 1886 51.
238 1837 268 1887 Et
284 1837 461 1886 lamenvmete
478 1837 568 1897 quanto
584 1836 682 1897 pejores
707 1842 813 1880 saurum.
831 1834 929 1902 Utinam
946 1834 992 1881 hoc
1002 1835 1064 1882 milri
1074 1849 1172 1898 semper
1187 1845 1236 1890 cri-

152 1904 682 1965 Arrianisint,quamludaei.illiquaerebaut
706 1900 1236 1965 menadscribent,quiaaurumpauporilrus

153 1975 237 2024 uuum
257 1973 401 2022 solvendum
419 1972 518 2033 putaret
536 1972 623 2020 Caesari
640 1973 681 2032 jus
706 1968 830 2026 erogaturi
842 1968 938 2028 Quodsi
947 1970 1068 2028 objiciunt
1078 1975 1142 2033 quod
1151 1977 1235 2024 deten-

152 2043 255 2101 tributi,
267 2041 309 2088 isti
319 2041 462 2101 imperatori
476 2041 564 2088 uolunt
574 2039 632 2087 dare
639 2039 680 2097 ius
706 2036 800 2082 sionem
810 2038 841 2084 ab
852 2038 884 2085 iis
892 2039 1031 2098 requiram,
1042 2052 1091 2087 non
1101 2054 1177 2104 nego,
1189 2046 1233 2093 sed

147 2111 276 2160 Ecclesiae.
288 2110 335 2157 Sed
341 2109 368 2157 ut
376 2109 463 2170 perfidi
469 2109 681 2168 suumsequuntnr
706 2104 781 2151 ettam
795 2106 885 2154 amoto.
897 2107 980 2153 liabeo
996 2107 1179 2170 defensionem,
1191 2114 1235 2160 sed

151 2182 290 2239 ductorem
301 2180 336 2226 ita
349 2179 375 2227 et
384 2191 428 2226 nos
439 2191 494 2238 quae
503 2190 548 2225 nos
562 2177 680 2225 Dominus
705 2173 732 2218 in
748 2173 899 2220 orationibus
912 2186 1057 2234 pauperum.
1077 2177 1138 2224 Caeci
1155 2179 1192 2225 illi
1209 2183 1234 2228 et

151 2251 179 2298 ot
188 2247 361 2298 auctornosier
371 2248 469 2307 docuit,
479 2247 678 2307 respondeamus.
704 2242 801 2302 claudi,
813 2243 908 2291 debiles
917 2244 943 2290 et
955 2256 1027 2290 senes
1037 2245 1143 2295 robustis
1152 2249 1233 2296 belte-

151 2317 310 2365 Gonsiderans
321 2317 388 2363 euim
399 2317 471 2365 iesus
482 2315 566 2363 dolum
582 2315 679 2363 Judaeo-
705 2312 798 2360 toribus
807 2311 920 2360 tortiores
931 2314 996 2360 sunt.
1007 2313 1120 2374 Denique
1131 2329 1233 2366 innuero

151 2398 221 2445 rum,
237 2385 302 2433 dixit
318 2384 349 2432 ad
359 2397 401 2432 eos
419 2399 426 2430 z
445 2386 505 2446 Quid
519 2399 557 2431 me
567 2382 678 2432 tentatis?
703 2391 840 2438 pauperum
855 2381 935 2427 Deum
946 2379 1068 2439 obligant3
1083 2382 1141 2440 quia
1155 2387 1233 2444 scrip⁴

152 2455 265 2502 ostendite
275 2453 334 2500 roilli
345 2454 476 2501 morione.
487 2452 517 2500 nt
527 2465 583 2500 cum
596 2453 679 2500 dedis-
703 2448 754 2495 tum
766 2449 820 2496 esi:
834 2450 880 2510 Qui
894 2450 994 2508 turpiter
1000 2452 1100 2509 pauperi
1104 2483 1112 2507 ,
1124 2455 1173 2500 Deo
1187 2455 1232 2513 fce-

151 2522 220 2580 sent,
239 2520 304 2567 dixit
321 2533 328 2567 ε
345 2522 417 2580 cujus
431 2522 558 2580 imaginem
569 2521 637 2568 dolet
655 2524 676 2568 ct
702 2517 1231 2582 ceroceraeslutauountorumdivinamsaepo

150 2587 336 2650 inscriptionem?
344 2589 528 2648 despondentes
539 2588 656 2635 dixerunt
669 2602 675 2634 ι
702 2585 805 2641 gratiam
820 2598 869 2632 uon
880 2586 1016 2633 merentur.

150 2660 258 2706 Goesoris.
270 2660 300 2704 ut
309 2658 344 2704 ait
356 2658 407 2703 illis
421 2657 491 2703 lesus
502 2668 509 2700 c
521 2657 614 2703 Reddite
625 2669 676 2714 pnae
732 2650 771 2697 54.
782 2654 934 2712 Hymnorum
945 2667 1042 2714 quoquc
1055 2667 1166 2703 meorum
1175 2670 1230 2706 car-

149 2727 325 2783 notenensis,
340 2726 473 2782 cerame!
489 2735 541 2782 goie
554 2725 675 2780 aorrtDei,
702 2719 810 2766 minibus
835 2721 966 2780 deceptum
993 2724 1112 2780 populum
1135 2724 1227 2774 terunt.

148 2794 207 2839 Deo.
221 2794 281 2850 Ergo
293 2791 318 2838 et
333 2802 378 2848 ego
397 2789 452 2836 dico
467 2789 532 2846 illis,
551 2786 675 2847 qui-mihi
701 2789 775 2834 Plane
790 2800 837 2834 nec
851 2789 897 2836 hoc
915 2789 1006 2836 abnuo.
1024 2791 1119 2837 Grande
1131 2805 1230 2842 carmen

147 2860 289 2916 objiciunt:
301 2858 415 2906 ostendite
425 2857 483 2904 milii
494 2857 624 2902 dedorim.
636 2857 676 2902 Je-
702 2853 767 2901 istud
775 2854 1083 2915 est,qu0nihilpotentius·
1091 2858 1229 2914 Quidenim

146 2940 189 2974 sus
198 2925 433 2973 Caesarisdenarium
441 2924 513 2983 uidit,
523 2923 549 2969 et
557 2924 677 2976 aitrilcd-
702 2922 825 2980 potentius
845 2935 919 2982 quam
945 2922 1065 2970 confessio
1086 2926 1228 2987 Trinitatis,

147 2999 193 3044 dite
209 2997 310 3052 Gaesori,
327 3007 378 3054 gum
394 2995 493 3041 Gesorts
508 2995 610 3053 sunt3et
624 3007 676 3053 gooe
701 3001 755 3048 quae
765 2990 875 3050 quotidie
884 2989 959 3037 totius
971 2991 1057 3051 populi
1067 3003 1110 3038 ore
1119 2993 1229 3040 celebra·
1312 3017 1314 3021 ν

146 3067 192 3114 Dei
208 3066 280 3122 sunt,
298 3067 356 3112 Deo.
371 3061 495 3121 Numquid
513 3061 543 3108 de
562 3062 675 3110 Ecclesiae
701 3056 756 3103 ture
774 3058 888 3104 Certatim
898 3070 982 3106 omnes
1000 3058 1100 3106 student
1112 3061 1228 3110 tidemta-

146 3132 258 3180 Basilicis
274 3129 420 3190 occupandis
430 3129 531 3189 possunt
546 3128 674 3177 denarium
700 3125 762 3184 teri,
772 3126 869 3173 Patrem
878 3124 1229 3187 etPiliumetSpirttumsanc·

146 3200 237 3248 olierre
253 3197 368 3247 Caesaris?
701 3195 752 3241 tum
763 3195 853 3241 norunt
869 3194 980 3242 versibus
998 3195 1141 3255 praedicare.
1160 3199 1227 3247 Facti

176 3269 216 3316 ὅθ.
228 3268 276 3316 Sed
287 3269 315 3315 in
330 3267 438 3315 Ecclesia
448 3279 525 3314 unam
540 3266 673 3327 imaginem
700 3264 755 3311 sunt
766 3263 840 3322 igitur
848 3275 931 3310 omnes
941 3263 1067 3324 magistri,
1077 3264 1120 3325 qui
1131 3266 1174 3314 rix
1184 3280 1228 3328 po-

145 3337 218 3395 noui,
233 3337 279 3384 hoc
290 3337 341 3394 est,
353 3335 486 3394 imaginem
496 3335 543 3382 Dei
558 3335 674 3384 invisibi-
699 3333 780 3380 terant
791 3333 978 3393 esse-discipuli.

145 3406 190 3464 lis,
202 3406 232 3453 de
240 3417 287 3465 qua
296 3403 434 3450 dixitDeus
444 3416 451 3448 c
461 3405 586 3451 Faciamus
596 3403 672 3450 leomi-
728 3403 766 3449 5&
790 3402 853 3460 Quid
867 3401 945 3471 ¹igitur
956 3402 1129 3457 obaudientius
1145 3406 1228 3464 potest

144 3487 198 3521 nem
211 3475 241 3520 od
256 3475 380 3532 imaginem
391 3475 412 3519 et
427 3471 602 3519 similitudinem
617 3485 673 3519 noe·
698 3483 847 3530 esse,quam
857 3471 885 3518 ut
895 3470 984 3518 Christi
995 3483 1128 3532 sequamur
1136 3486 1223 3522 exem·
1245 3510 1247 3515 ,
1285 3511 1290 3525 .

145 3544 222 3602 trom3
231 3541 299 3588 illam
307 3540 453 3598 imaginem,
461 3538 671 3599 dequascriptum
697 3540 781 3600 plum,
792 3540 835 3600 qui
843 3541 915 3600 specie
926 3542 1030 3588 inuentos
1045 3544 1072 3590 ut
1085 3543 1154 3590 domo
1160 3575 1168 3600 ,
1181 3544 1226 3593 lun·
1246 3576 1249 3590 .

144 3610 197 3668 cst3
215 3609 273 3670 quia
291 3607 400 3656 christus
417 3607 525 3667 splendor
534 3608 633 3667 gloriae,
650 3611 672 3656 et
698 3610 794 3656 milioeit
801 3610 953 3668 semetipsum
961 3609 1037 3668 {octus
1045 3609 1225 3672 obedientesque

143 3681 221 3739 imago
236 3679 373 3740 snbstoottae
386 3678 444 3736 ejus.
463 3677 492 3722 ln
502 3675 549 3723 ista
564 3675 671 3735 imagine
697 3675 1225 3737 edocentem?Deniqueomnesperobedien·

143 3749 337 3808 Patr-emcerno,
348 3745 672 3806 sicutdixitipseliominus
697 3743 1225 3806 tiamliberariorstoutommpertnoleunn·

143 3817 214 3864 lesus
229 3830 235 3862 ε
253 3818 300 3878 Qui
314 3829 351 3864 nec
366 3818 440 3874 uidet,
456 3816 517 3864 otdet
532 3816 670 3863 ctPotrcm.
697 3815 754 3861 tiam
765 3813 835 3860 unlus
846 3811 945 3860 dominis
960 3815 1090 3874 peccatores
1107 3815 1225 3861 constituti

143 3885 196 3933 lton
207 3885 273 3931 enim
287 3885 340 3931 haec
353 3883 431 3942 imago
441 3895 455 3930 a
465 3884 536 3932 Patre
547 3884 585 3932 est
599 3895 671 3943 sepa·
695 3883 750 3933 suot
755 3881 865 3943 docimi,
876 3883 911 3929 ita
918 3883 940 3929 ct
946 3883 1064 3942 monnica
1071 3881 1223 3930 obedientium

143 3952 210 4008 rata,
221 3965 275 4012 quae
286 3951 407 3998 unitatem
418 3960 458 3998 me
471 3951 554 4000 docuit
564 3952 670 3999 Trinita-
691 3953 750 4012 justi
760 3952 1007 3999 constituenlnrmnlti.
1016 3949 1041 3996 Si
1049 3961 1106 4006 ergo
1114 3948 1157 3994 ille
1165 3945 1225 3993 obe·

144 4019 189 4080 tie,
201 4018 285 4070 dicens
298 4033 303 4064 =
316 4022 365 4082 ugo
376 4022 397 4067 ct
408 4021 479 4068 Poter-
492 4031 565 4068 unum
575 4034 669 4082 mmor,-
695 4021 783 4080 diens,
804 4019 925 4080 accipiant
940 4016 1087 4088 opediuntiae
1106 4013 1223 4074 magiste-
