2760 4800
488 390 730 436 nrtsroutnttnt
745 347 880 439 cttssts
897 396 913 438 Ι.
1114 414 1118 425 =
1201 391 1246 441 580

190 457 242 510 ton.
254 464 328 514 bieria
336 467 515 519 materbemini
527 471 687 518 nnteerneem
713 471 779 519 tiber.
788 472 908 533 suscepte
920 473 1019 534 quidem
1030 473 1144 521 affectum
1155 486 1243 534 paren-

157 527 204 576 ntur
217 533 294 582 stabat
308 548 315 582 r
327 537 409 583 nultus
424 549 464 584 me
475 538 521 586 boe
533 538 628 598 docuit,
640 537 687 586 nisi
714 539 759 600 tis,
771 540 814 588 sed
824 553 873 588 non
883 541 997 602 quaesivit
1005 542 1106 590 atterius
1114 543 1245 589 auxilium.

158 601 254 677 sanctus
262 603 384 651 iohannes
397 607 555 665 evangelista.
572 606 688 653 Mundum
743 610 796 655 itt.
808 611 877 658 Hanc
888 611 1038 670 imitamini,
1050 614 1140 659 matres
1150 612 1246 659 sanctae.

159 668 203 746 alu¹
214 680 357 719 correussum
365 672 391 719 in
403 674 514 732 passione
522 674 620 721 Domini
632 687 687 722 con·
712 689 766 735 quae
776 677 802 723 in
813 678 886 725 unico
901 679 953 726 tilio
972 679 1132 727 dilectissimo
1151 680 1246 726 tantum

157 743 319 799 seripserunt,
333 741 422 787 eoelum
431 741 542 789 tenebris
552 742 686 789 obductum
712 745 829 792 maternae
837 746 936 793 virtutis
944 749 1091 808 exemplum
1102 748 1193 806 edidit3
1204 760 1246 794 ne·

157 803 274 863 refugisse
281 808 367 867 solem,
376 809 402 854 in
411 808 549 868 paradisum
556 811 686 871 latronem,
712 822 759 868 que
770 811 838 857 enirn
846 824 889 858 vos
901 813 1026 861 dulciores
1036 815 1127 862 liberes
1137 813 1245 874 habetis,

157 872 200 918 sed
210 875 263 933 post
281 876 347 935 piam
360 877 537 924 contessionem
547 879 684 939 receptum.
711 888 790 936 neque
809 877 871 923 iilud
886 879 960 937 Virgo
971 881 1098 940 quaerebat
1115 881 1244 941 solatium,
1295 909 1298 914 ‚

156 939 279 991 iohannes
299 945 382 992 do'cuit
401 946 465 1005 quod
484 947 526 992 alii
537 959 585 993 non
596 947 685 995 docue-
711 945 774 1003 quod
785 947 861 994 alium
872 950 953 1008 posset
959 948 1082 1006 'generare
1094 949 1182 998 sitium.

156 1009 226 1069 runt,
245 1013 451 1071 quemadmodum
464 1012 490 1060 in
509 1027 581 1062 eruce
591 1015 684 1075 positus
740 1012 1243 1078 tta.nominiservisimperateconquest

155 1078 684 1143 matremappeltaverit‚plurisputansquod
711 1081 848 1130 conditione
861 1082 980 1142 subditis,
999 1083 1093 1131 sedita
1103 1086 1132 1131 ut
1149 1086 1243 1132 uaturre

155 1144 684 1208 vietorsuppliciorumpietatisoitieiamatri
710 1149 821 1208 ejusdem
833 1151 903 1209 cuius
914 1163 957 1199 vos
975 1151 1050 1211 estis,
1062 1151 1185 1198 consortes
1201 1163 1243 1198 eos

156 1213 302 1276 exhibebat,
312 1230 385 1276 quam
395 1218 461 1277 quod
471 1230 574 1277 regnum
584 1220 683 1267 coeleste
710 1227 762 1264 esse
771 1219 942 1267 memineritis.
949 1218 1019 1267 Servi
1029 1232 1126 1280 quoque
1134 1217 1241 1266 dominis

154 1279 269 1330 donabat.
287 1286 347 1331 Nam
362 1286 384 1332 si
404 1285 544 1344 religiosum
556 1285 683 1346 est,quod
709 1286 801 1334 servite
818 1300 876 1335 cum
891 1289 1038 1348 voiuntate3
1055 1288 1147 1335 etenim
1162 1298 1242 1333 unus·

156 1349 245 1397 tanoni
256 1352 359 1400 donatur
369 1353 455 1413 venia3
473 1355 551 1402 mutto
561 1356 683 1403 uberioris
708 1353 811 1414 quisque
820 1356 885 1416 quod
893 1357 965 1402 natus
974 1355 1240 1416 est,patienterdebet

154 1417 255 1476 pietatis
274 1422 323 1480 est,
343 1422 433 1483 quoda
451 1423 501 1470 tilio
517 1424 595 1469 mater
615 1425 682 1473 tanto
708 1423 832 1481 suscipere
844 1436 850 1468 :
860 1436 906 1471 nec
917 1423 1092 1482 solumbunis,
1109 1425 1240 1472 sedetiam

155 1485 246 1534 affectu
257 1489 390 1538 honoratur
402 1523 408 1536 .
420 1493 493 1549 Ecce,
512 1491 607 1551 inquit,
622 1494 683 1551 fitius
707 1490 799 1549 asperis
814 1492 912 1540 obedite
930 1492 1044 1541 dominis.
1059 1494 1120 1539 Nam
1135 1506 1189 1552 quae
1202 1495 1240 1541 est

155 1556 236 1603 tuus...
256 1560 315 1605 Eece
331 1563 407 1607 muter
426 1563 476 1607 trra.
494 1561 637 1608 Testabatur
651 1562 681 1609 de
707 1559 794 1606 vestra
812 1561 939 1609 servitude
954 1561 1047 1621 gratia,
1065 1561 1173 1610 sibonis
1190 1574 1240 1610 ser·
1269 1594 1274 1601 ·

154 1633 225 1670 eruce
237 1626 360 1686 Christus,
373 1629 398 1674 et
409 1628 474 1675 inter
484 1627 588 1676 matrem
606 1630 680 1688 atque
706 1624 779 1674 vietis
789 1629 890 1677 sedulo?
898 1629 946 1677 Sed
956 1629 977 1676 si
987 1629 1064 1677 etiam
1075 1642 1173 1688 asperos
1181 1643 1239 1690 pro-
1319 1658 1326 1675 .

154 1690 301 1752 discipulum
319 1695 446 1743 dividebat
468 1698 570 1757 pietatis
591 1698 679 1747 officia.
706 1698 862 1759 mereamini3
874 1697 1016 1746 namliberi
1034 1711 1133 1758 quoque
1144 1700 1239 1747 nuttam

152 1759 679 1826 CondebatDomtnusnonsolumpublicum‚
706 1762 984 1823 bebentmercedem,si
994 1767 1124 1824 peccantes
1131 1767 1239 1825 punian-

153 1832 197 1878 sed
205 1834 278 1881 etjam
288 1835 449 1883 domesticum
457 1835 645 1896 testamentum,
655 1838 680 1885 et
705 1830 772 1877 tura
779 1831 906 1890 judicibus
918 1846 924 1877 ι
936 1833 980 1880 sed
991 1834 1035 1879 illa
1046 1846 1142 1880 merces
1154 1836 1203 1882 est:
1215 1837 1236 1881 si

152 1897 199 1947 boe
210 1903 264 1959 ejus
277 1904 451 1951 testamentum
468 1904 579 1963 signabat
588 1904 679 1951 doben·
705 1899 780 1946 etiam
797 1912 847 1947 nen
860 1902 999 1961 peccantes.
1011 1902 1041 1948 et
1051 1913 1094 1949 ros
1110 1913 1167 1960 ergo
1176 1915 1233 1950 con·

152 1981 210 2029 nes,
226 1970 313 2030 dignus
326 1972 394 2020 tanto
408 1971 523 2020 testatore
539 1971 618 2020 testis.
635 1975 679 2020 Bc·
704 1966 863 2027 temptatione
882 1969 981 2016 Domini
1000 1969 1071 2027 Jesu,
1084 1968 1180 2033 etiamsi
1190 1969 1237 2015 dit·

152 2051 210 2085 num
224 2039 398 2088 testamentum
421 2053 471 2088 non
489 2041 614 2100 pecuniae,
636 2043 679 2089 sed
704 2034 1234 2096 ficililiusserviatisdominis,cumpatientia

151 2107 209 2155 vitae
231 2109 329 2157 aeternae
348 2122 359 2155 ε·
373 2108 439 2169 quod
465 2121 514 2156 nen
543 2111 678 2157 atramento
704 2104 843 2151 mercedem
870 2105 1002 2152 babebitis.
1033 2105 1159 2165 Siquidem
1179 2107 1233 2165 ipse

150 2177 268 2236 scriptum
280 2179 330 2237 est,
342 2178 385 2224 seu
395 2177 487 2237 sputu
499 2178 546 2224 uu
557 2179 623 2238 viu,
634 2180 678 2238 qu
703 2169 822 2220 Dominus
830 2173 911 2233 iustus
920 2173 951 2221 ab
967 2174 1065 2232 iniustis
1081 2186 1165 2232 passus
1181 2176 1231 2233 est,

150 2244 186 2291 ait
196 2257 203 2290 ε
215 2246 364 2306 ti'nqeamea
374 2246 563 2295 catamerrcrtboe
573 2247 678 2297 velociter
703 2241 728 2287 et
738 2243 856 2301 patientia
864 2243 971 2291 mirabili
979 2243 1080 2303 peecata
1091 2244 1171 2291 nostra
1182 2256 1231 2290 suae

150 2313 277 2364 scribentis,
299 2320 302 2325 ·
702 2309 782 2359 affixit
793 2313 859 2360 eruci
867 2325 875 2359 r
883 2312 912 2360 ut
923 2312 965 2374 qui
977 2313 1048 2359 iilum
1059 2312 1170 2359 imitatus
1179 2311 1233 2359 tue·

182 2382 233 2429 tto.
247 2383 294 2429 Sed
303 2397 349 2432 nec
358 2384 676 2446 Martamin0r‚quamma-
701 2379 749 2438 rit,
759 2382 860 2438 peccata
874 2394 918 2431 sua
926 2382 1043 2442 sanguine
1055 2393 1099 2428 suo
1111 2381 1197 2429 diluat.

150 2450 212 2496 trem
222 2451 310 2498 cbristi
325 2454 435 2500 decebat.
447 2453 607 2514 Fugientibus
619 2465 676 2514 apo·
732 2449 785 2497 ΗΒ.
797 2450 833 2497 Ad
848 2463 983 2509 summam,
992 2448 1165 2497 convertimini
1178 2461 1231 2496 orn-

149 2517 229 2578 stolis,
239 2519 295 2566 ante
305 2531 401 2566 crucem
412 2519 503 2579 stabat,
511 2522 536 2566 et
546 2519 595 2580 piis
605 2532 676 2578 spec·
700 2527 744 2564 nes
751 2518 782 2564 ad
788 2519 918 2566 Dominum
923 2521 1014 2568 iesum.
1023 2518 1091 2565 sitin
1099 2518 1167 2566 vobis
1172 2519 1230 2567 vitae

150 2585 215 2633 tabat
226 2587 303 2634 oculis
313 2588 358 2634 tilii
371 2588 487 2645 vulnera,
502 2587 560 2648 quia
572 2600 677 2646 exspee-
701 2584 773 2640 hujus
793 2586 924 2634 delectatio
943 2588 969 2633 in
985 2587 1048 2635 bona
1060 2586 1227 2645 conscientia,

148 2653 215 2700 tabat
224 2668 272 2702 nen
282 2655 391 2717 pignoris
407 2658 524 2714 mortem,
537 2655 580 2702 sed
591 2656 675 2704 mundi
700 2653 819 2711 patientia
837 2655 922 2702 mortis
932 2667 989 2701 curn
1004 2667 1046 2714 spe
1058 2654 1229 2701 immortalite·
1321 2713 1324 2716 Α

148 2723 259 2771 satutem.
279 2726 327 2772 Aut
340 2724 440 2772 tortasse
458 2724 517 2783 quia
529 2725 674 2782 cognoverat
700 2719 746 2778 tis,
776 2720 926 2769 confirmatio
954 2721 1141 2767 resurrectionis
1172 2733 1228 2767 eum

120 2849 121 2853 Ἰ
147 2802 193 2848 per
205 2791 250 2838 filii
265 2794 369 2840 mortem
389 2791 475 2839 mnndi
497 2791 673 2838 redemtionem
699 2786 786 2834 Christi
795 2788 986 2848 gratia‚veritas
995 2802 1050 2835 cum
1059 2789 1234 2847 simplicitate,

146 2858 202 2905 nuta
213 2860 314 2919 regatis,
325 2860 401 2908 etiarn
416 2872 460 2908 sua
478 2860 556 2907 morte
572 2860 674 2918 putabat
699 2856 759 2904 fides
770 2871 826 2905 eum
837 2858 995 2918 contuentia,
1006 2857 1154 2904 abstinentia
1171 2869 1227 2904 eum

146 2939 172 2973 se
183 2927 275 2988 aliquid
296 2929 393 2989 publico
412 2927 550 2976 addituram
566 2928 672 2974 muneri.
699 2926 844 2985 sanctitate,
859 2926 979 2973 industria
1003 2938 1059 2972 cum
1080 2925 1226 2984 sobrietate,

146 2996 195 3042 Sed
209 2996 279 3043 lesus
292 3008 342 3044 non
358 2997 445 3056 egebat
462 2997 573 3057 adiutore
587 2996 618 3042 ad
633 3009 674 3043 re·
699 2994 914 3043 couversatiocnm
922 2993 1225 3051 modestia,emditiosine

144 3064 674 3126 demtionemomnium,quiomnessinead-
698 3065 820 3122 vanitate,
840 3063 957 3110 sobrietas
976 3062 1105 3118 doctrina,
1120 3061 1225 3108 tidetitas
1303 3073 1307 3083 ·

143 3133 523 3193 jutoreservaritUndeetdicit.
532 3137 673 3182 Factureum
698 3132 751 3179 sine
760 3129 858 3179 haeresis
869 3129 1024 3178 temulentia.
1036 3115 1224 3177 Gratia'Demini

143 3203 203 3252 nient
217 3201 285 3249 iaomo
300 3204 349 3250 stne
359 3202 474 3261 adjutorio
495 3204 555 3249 inter
570 3203 673 3250 mortuos
698 3201 756 3249 Jesu
765 3199 854 3248 Christi
864 3197 1127 3256 cumomntbusrobis,
1137 3199 1224 3248 Amen.
