2760 4800
385 424 633 471 EPISTOLARUM·
643 422 760 472 chassi
766 425 782 470 8
795 426 814 472 1.
1098 423 1141 469 2Ji

57 499 231 569 rinmsormo)
242 505 386 567 italeglmno
392 507 590 556 distributionem
616 505 762 556 infirmiores
769 506 860 556 minus.
871 505 955 555 Gratia
967 506 1033 554 enim
1044 509 1145 568 aequalis

59 573 151 623 factam
160 587 205 636 per
215 574 322 634 singulas
332 574 439 636 animas,
450 578 478 624 ut
490 574 591 636 aequatis
616 576 718 636 singulis
729 577 865 638 dividitur,
875 575 996 624 redemtio
1011 575 1144 629 dividitur,

54 640 134 697 ,tieret
144 642 242 691 divisio.
254 642 284 689 Et
295 643 445 703 collegerunt
456 643 591 692 secundnm
617 644 707 691 donum
718 644 847 693 dividitur.
856 645 940 705 Neque
955 644 1039 704 plures
1049 643 1145 704 oportet

60 709 251 770 dispositionem
258 711 592 771 Moysi,quiplurimum,et
617 724 719 771 csso,no
725 713 780 772 quis
791 725 883 761 vacuus
889 711 943 773 spel
949 713 976 760 ot
985 710 1145 760 redemtionis

59 779 106 838 qui
120 779 269 827 minimum:
282 781 308 828 et
323 792 463 828 mensuram
479 779 592 826 iecerunt
616 780 724 828 recedat.
743 781 830 829 Plures
850 782 925 841 sunt,
945 780 1043 842 quando
1068 774 1158 838 aliqui'

58 847 592 962 gelimer,otalonabundarinnecsuperiuit
617 849 688 895 extra
704 860 837 927 numerum
856 849 915 897 sunt
937 862 944 896 ε
965 848 1044 931 sancti
1061 849 1146 896 autem

59 917 418 1046 totlihhotlll
434 929 592 1046 litet
616 918 1145 1047 llltttlllllllslttlltlll:

58 1054 213 1114 animarum,
228 1055 272 1114 qui
289 1055 356 1114 apud
372 1067 399 1102 se
410 1056 463 1102 erat
474 1055 501 1101 in
511 1056 593 1102 taher-
616 1067 697 1114 neque
713 1057 854 1115 panciores,
864 1068 897 1104 ne
910 1055 1080 1116 magnitudine
1091 1065 1147 1114 gra-

58 1121 172 1182 naculis,
187 1123 341 1184 collegerunt
350 1134 396 1182 por
406 1122 501 1180 singula
512 1124 592 1183 capita
616 1122 658 1173 iia
667 1124 701 1171 sit
715 1123 745 1170 ad
755 1123 926 1184 recipiendum
941 1123 1069 1171 lntirmior.

58 1200 158 1258 pomer,
176 1189 204 1237 id
220 1190 272 1250 est,
286 1201 427 1238 mensuram
445 1190 512 1248 vini,
527 1190 592 1239 sicut
648 1190 687 1237 ld.
698 1191 885 1240 Etideoomues
895 1191 1061 1252 aequalitatem
1071 1191 1148 1238 devo·

58 1257 137 1306 hahet
152 1258 333 1318 interpretatio.
617 1257 693 1306 tionis
703 1260 728 1306 et
739 1259 797 1306 lidei
808 1258 905 1307 deterre
915 1259 1036 1319 praeceplt
1045 1257 1076 1305 ad
1090 1270 1147 1319 pas·

90 1325 256 1375 dilatantem
264 1326 592 1387 mensurasopientiao,quoo
617 1327 663 1374 cha
690 1328 805 1388 Domini,
825 1329 852 1376 id
879 1329 930 1389 esi,
951 1329 983 1377 ad
1002 1327 1145 1376 transitum.

57 1393 81 1444 si
107 1406 182 1455 supra
201 1407 341 1442 mensnram
361 1395 409 1454 sit,
431 1396 516 1454 nocot;
535 1397 592 1454 quia
616 1396 707 1443 Pascha
718 1397 802 1444 autem
816 1396 1068 1457 est‚quandoanlma
1083 1396 1146 1443 irra-

58 1463 181 1523 scriptnm
196 1464 232 1511 est
243 1476 251 1510 r
262 1465 318 1512 Noli
327 1478 373 1528 esse
383 1465 483 1511 multum
492 1465 592 1523 sopiens.
617 1464 760 1511 tionahilem
777 1465 880 1526 deponit
894 1465 1050 1525 passionem,
1070 1465 1148 1513 sumit

58 1533 90 1580 at
113 1533 202 1581 Paulus
227 1532 312 1581 docuit
332 1532 469 1581 secundum
492 1545 593 1580 mensu·
617 1533 700 1580 autern
712 1533 801 1581 honam
817 1535 1026 1594 compassionem
1041 1535 1147 1582 utcom-

36 1610 116 1649 -ranr
135 1600 189 1648 dori
200 1599 348 1648 divisionem
365 1600 516 1660 gratiarum,
535 1613 592 1648 cum
616 1601 725 1661 patiatur
738 1602 846 1662 Christo,
864 1603 891 1651 et
908 1603 1040 1651 transitum
1050 1603 1105 1662 olus
1119 1603 1146 1650 in
1225 1628 1233 1637 =

11 1688 17 1701 ·
59 1668 141 1717 dicit:
154 1669 592 1730 Qsmuotcsiqsedoturmoolfestolio
617 1681 643 1715 se
661 1670 795 1731 suscipiat,
818 1674 847 1721 ut
867 1671 990 1720 inhahitet
1009 1672 1036 1720 in
1056 1683 1101 1732 ea,
1120 1671 1147 1718 et

59 1739 157 1798 spiritur
168 1739 199 1786 sd
211 1740 349 1799 stdltotcps,
366 1738 408 1784 olii
416 1738 593 1796 sermosopico·
617 1737 768 1799 deambulet,
774 1739 800 1787 ot
810 1739 853 1788 liat
862 1741 918 1799 ejus
925 1741 1091 1788 Deusrdratia
1101 1741 1147 1789 ita·

59 1808 115 1864 oo,
125 1808 168 1855 clii
176 1807 373 1862 sermoscientioe,
384 1806 427 1852 olii
435 1805 491 1862 tideo
502 1806 593 1864 copies·
617 1817 665 1864 que
685 1808 786 1866 aqualis
801 1819 847 1867 per
862 1809 1048 1868 omnes,virtns
1062 1810 1145 1857 autem

60 1877 102 1922 tica
111 1889 154 1935 per
162 1875 269 1935 spirltum
276 1875 377 1921 edentis
390 1874 516 1920 secondum
527 1885 594 1919 cum-
617 1874 714 1922 diversa
729 1875 756 1922 in
771 1875 881 1934 singulis.
896 1877 1071 1937 Unusquisque
1086 1889 1146 1937 crgo

59 1945 114 1990 dem
126 1945 248 2004 spiritum,
261 1943 352 2001 fidesio
363 1943 442 1989 eodem
459 1942 556 2001 piritu,-
567 1940 593 1988 et
619 1943 754 2002 portionem
774 1945 956 2004 competentem
976 1946 1027 1993 suis
1049 1946 1146 1993 viribus

61 2012 141 2060 dirim
152 2024 208 2059 eam
216 2011 320 2072 gratiam
330 2010 467 2058 secundum
477 2009 594 2056 volunta·
618 2017 706 2071 sumat,
712 2026 744 2061 ne
755 2015 797 2060 aut
807 2013 892 2062 tortior
899 2013 1020 2074 indigeat,
1029 2015 1075 2062 sut
1084 2027 1144 2062 ono·
1223 2059 1226 2065 .

60 2082 116 2129 torn
127 2080 242 2141 Spiritus
260 2080 331 2138 Quod
348 2079 452 2138 dividit,
471 2077 595 2138 aequitalis
618 2082 687 2129 retur
697 2081 825 2132 infirmior.

61 2146 594 2210 ostoquodantemsecundnmvoluntatem
649 2150 687 2197 ll.
709 2151 790 2199 Habes
812 2151 859 2199 hoc
878 2152 905 2201 in
922 2152 1070 2213 Evangelio,
1087 2153 1145 2215 quia

60 2230 133 2266 suam
150 2219 252 2277 dividit,
270 2218 407 2278 potestatis.
426 2217 472 2264 Vol
493 2216 553 2276 qnia
568 2215 594 2263 id
617 2231 713 2266 merces
733 2220 834 2280 aqualis
860 2221 974 2269 omuibus
993 2222 1098 2270 solvitur
1118 2223 1146 2270 in

61 2288 127 2336 velit
143 2288 277 2347 uuicuique
292 2285 417 2347 conferre,
428 2284 494 2347 quod
508 2284 593 2345 proin·
618 2288 691 2336 rinea
701 2287 870 2337 laborantibus
880 2301 888 2336 c
900 2289 943 2336 scd
956 2290 1029 2349 pauci
1048 2290 1078 2337 ad
1089 2291 1146 2338 hra-

60 2358 147 2405 turum
156 2356 263 2406 noverit.
617 2357 700 2417 vium,
715 2358 787 2417 pauci
805 2356 837 2404 od
849 2369 962 2404 coronam
978 2359 1145 2418 perveniunt,

95 2427 118 2474 7.
130 2427 218 2474 Gomor
229 2438 286 2487 ergo
297 2437 411 2474 mensura
421 2425 471 2485 est,
483 2425 509 2474 et
522 2436 594 2473 men·
619 2427 688 2485 pauci
700 2426 786 2474 dicunt
797 2426 921 2486 :Reposito
938 2429 971 2475 est
986 2428 1045 2475 milri
1058 2441 1145 2475 corono

61 2508 121 2545 sura
138 2495 205 2554 vini,
221 2496 286 2556 quod
302 2495 409 2542 laetiiicat
419 2507 462 2541 cor
476 2494 593 2541 hominis.
614 2495 721 2553 jrcstr'tioe.
734 2495 789 2542 Alia
800 2496 838 2542 est
848 2495 915 2542 onim
931 2507 1025 2543 merces
1035 2496 1145 2543 liberali-

62 2564 130 2624 Quid
140 2566 222 2613 nutem
233 2565 281 2612 nisi
292 2565 419 2624 sapientiae
430 2563 595 2623 potusJ'ucun-
619 2563 676 2610 tatis
691 2564 716 2611 ei
733 2564 832 2622 gratiae,
851 2563 919 2611 aliud
936 2563 1036 2613 virtutis
1051 2565 1146 2625 stipen-

62 2634 129 2683 dltas
144 2633 223 2681 cordis
234 2633 286 2681 esti
302 2635 353 2680 lloc
365 2633 402 2678 ost
417 2631 479 2678 illud
493 2631 594 2689 vinum,
619 2631 701 2690 dium,
712 2632 802 2678 latioris
817 2633 992 2680 remuneratio.

62 2703 130 2765 quod
146 2703 245 2750 miscuit
260 2703 286 2747 in
303 2700 397 2747 cratero
415 2698 557 2757 Sapientia,
569 2700 595 2746 et
650 2698 688 2744 la.
700 2702 761 2758 Ergo
772 2699 943 2746 didrachmum
957 2699 1078 2749 redemtio
1094 2704 1145 2757 est,

63 2771 137 2825 ottert
158 2769 306 2826 bibendum,
328 2769 358 2814 ut
378 2778 503 2813 sumamus
524 2768 595 2814 nohis
621 2767 694 2814 immo
712 2767 842 2814 dimidium
865 2767 1011 2814 didrachmi.
1031 2768 1146 2833 liedemit

62 2828 224 2888 sohrietatem
241 2837 267 2882 et
283 2834 441 2894 prudentiam
460 2847 467 2879 ι
483 2834 550 2894 quod
566 2847 595 2881 ea
620 2835 1145 2895 autemnosamorte,rcdemitaservitutc;

63 2906 207 2969 equalitate
217 2903 355 2951 transfundi
372 2903 468 2961 oportet
482 2902 596 2949 sensibus
620 2916 652 2951 ne
670 2905 775 2962 subjecti
793 2905 869 2951 simus
880 2904 989 2962 mundo,
1000 2905 1041 2952 cui
1055 2918 1147 2953 renun-

64 2979 92 3025 ot
109 2972 299 3034 cogitationibus
319 2971 424 3029 nostris,
441 2971 467 3018 et
482 2970 595 3017 ornrribus
620 2971 745 3018 liavimus.
758 2970 828 3017 Unde
846 2971 964 3018 Dominus
978 2971 1005 3017 in
1015 2972 1147 3032 Evangelio

63 3044 186 3102 metilius,
197 3041 241 3101 qui
256 3041 319 3087 intra
332 3039 396 3086 hanc
416 3039 524 3086 nostram
540 3041 596 3085 suut
620 3040 682 3088 dicit
697 3040 728 3087 ad
747 3040 862 3100 Petrum,
876 3040 905 3088 ut
924 3039 997 3088 vadat
1015 3040 1046 3087 ad
1063 3053 1146 3100 mare,

63 3113 178 3170 domum;
199 3111 227 3158 ut
255 3110 361 3158 sciamus
379 3119 449 3168 posse
470 3107 595 3156 abundare
620 3110 701 3156 mittat
711 3110 827 3168 hamum,
839 3108 865 3156 ot
875 3108 901 3155 in
911 3120 953 3156 oro
969 3108 1043 3167 piscis
1058 3109 1147 3157 invon-

64 3180 193 3237 omnihus,
206 3178 310 3226 deiicere
323 3176 395 3224 nulli.
620 3181 673 3228 tum
681 3180 798 3226 staterem
809 3177 898 3236 sumat,
904 3178 929 3224 et
936 3177 979 3225 det
989 3189 1032 3236 pro
1043 3178 1147 3226 Domino

96 3249 123 3297 8.
133 3248 231 3295 Plenius
242 3247 326 3293 autem
336 3244 366 3292 de
378 3244 495 3304 sanguine
507 3246 596 3294 christi
621 3249 646 3295 ct
662 3260 707 3308 pro
722 3259 748 3295 so
763 3246 919 3306 exigentibus
934 3246 1085 3294 didrachma.
1096 3248 1147 3295 Hoc

66 3316 230 3377 intelligitur,
242 3315 311 3373 cuius
319 3314 350 3361 ad
364 3315 465 3372 gratiam
476 3315 540 3362 nihil
551 3317 597 3363 mi·
620 3318 657 3364 est
667 3316 743 3375 igitur
757 3315 916 3372 didrachma,
926 3315 991 3374 quod
1002 3314 1148 3373 exigebatur

66 3387 173 3443 nuitur,
193 3384 256 3430 nihil
273 3384 422 3442 adiungitur.
434 3384 494 3430 Etsi
509 3396 596 3443 parum
620 3385 754 3434 secundum
776 3384 868 3442 Legem
886 3395 893 3430 a
910 3383 955 3430 sed
975 3395 1023 3429 non
1042 3383 1149 3432 debehat

65 3468 165 3512 muros,
177 3454 203 3502 et
212 3454 232 3500 si
243 3453 377 3512 plurimum
388 3453 499 3510 haurias,
511 3453 597 3500 eadem
621 3455 683 3502 illud
693 3452 891 3513 liliusregis,sed
899 3452 1147 3510 alienusouidenim

66 3525 182 3587 perfecta
199 3522 236 3570 est
247 3520 361 3568 omnihus
376 3533 490 3568 mensura
500 3522 598 3569 redem-
621 3537 647 3572 so
662 3523 771 3570 Christus
788 3520 921 3569 redimeret
937 3520 968 3567 ab
983 3521 1028 3569 hoc
1042 3521 1148 3580 mundo,

65 3593 153 3642 tionis.
621 3592 664 3650 qui
678 3588 1066 3649 veneratuttolleretpeccatum
1075 3600 1149 3635 mun-

97 3661 123 3708 a.
139 3658 230 3707 Pascha
244 3669 342 3720 quoqne
356 3655 469 3716 Domini,
485 3657 532 3705 hoc
543 3657 597 3716 est,
622 3656 661 3705 dii
671 3658 735 3717 Quid
747 3670 773 3704 se
790 3669 805 3703 a
821 3656 922 3716 peccato
938 3655 1087 3714 redimeret,
1104 3655 1147 3715 qui

65 3740 160 3790 agnum
176 3727 210 3775 ita
226 3728 307 3788 patres
318 3727 413 3786 epulari
427 3726 560 3786 jubentur,
570 3727 598 3773 ut
622 3725 793 3784 descenderat,
803 3725 831 3772 ut
841 3723 953 3771 omnibus
969 3725 1098 3783 peccatum
1109 3722 1149 3770 di·

66 3796 204 3846 muudum
215 3808 345 3844 numerum
353 3795 490 3842 animarum
496 3796 599 3854 epulen-
622 3790 1148 3852 mitteretiQuidseredimerotaservltute,

65 3868 109 3914 tur
119 3876 233 3924 suarum,
243 3875 325 3923 neque
335 3864 434 3923 plures,
445 3875 525 3923 nequo
536 3875 598 3923 pau·
621 3864 701 3926 quise
713 3861 892 3921 exinaniverat,
903 3864 931 3910 ut
938 3862 1062 3914 universio
1071 3861 1148 3905 liher-

66 3938 148 3986 ciores
159 3951 166 3982 ι
180 3948 262 3997 neque
273 3935 328 3983 aliis
335 3936 390 3995 plus
401 3935 454 3983 dari
465 3967 472 3994 ,
483 3936 538 3984 aliis
550 3935 597 3983 mi·
622 3931 890 3990 tatcmdarotiQuldse
898 3930 1032 3979 redimeret
1039 3927 1147 3985 amorte,

67 4015 125 4062 nus,
135 4001 596 4062 sodseeondumanimassingulorum;
621 4000 665 4061 qui
681 4012 780 4048 carnem
796 3998 951 4058 susceperat,
968 3996 998 4044 ut
1012 3995 1090 4042 morte
1104 4003 1148 4039 sua

67 4083 103 4122 aa
122 4071 165 4123 sut
175 4070 289 4122 tortiores
307 4069 414 4133 amplius
429 4071 538 4127 sumant,
554 4070 599 4117 ant
622 4069 735 4118 omnibus
746 4066 951 4118 resurrectionem
961 4057 1117 4124 adquirerett
