2760 4800
302 396 345 442 DE
364 396 520 442 EXCESSU
540 396 700 451 FRATRIS
719 397 772 441 sul
790 396 1072 441 sarlatensem.
1185 394 1228 441 lul

143 477 259 526 lnstituis-
273 479 319 527 bei
335 476 449 538 plebem?
466 481 504 526 An
521 480 602 527 nescis
619 477 677 538 quia
702 476 848 525 solabatur:
867 476 1010 536 defixusque
1036 476 1062 522 in
1092 488 1139 523 uno
1162 477 1232 523 dolor

144 545 289 604 exemplum
303 545 372 592 tuum
382 546 522 604 perieulum
533 546 677 595 caeterorum
702 545 861 593 acerbitatem
869 544 962 604 publici
975 543 1229 603 inpeneinpesiam

143 611 198 661 esti
215 612 268 660 Nisi
287 610 348 662 torte
360 613 504 664 exauditum
521 626 570 663 non
582 626 635 663 esse
650 615 676 662 ta
702 613 784 674 speeie
795 613 895 672 pretam
906 612 1050 661 obduxerat.
1138 640 1141 644 -

142 681 266 741 quereris.
283 681 394 730 Primum
409 681 474 729 istud
491 682 626 743 arrogantis
641 682 677 730 est
733 683 771 731 68.
783 683 876 743 Repeto
885 696 957 743 ergo,
969 694 1037 729 saera
1047 680 1181 741 scriptura,
1190 691 1230 728 so·

145 748 425 810 impudenliae,mereri
435 750 603 809 solumvelle,
613 749 678 811 quod
702 753 761 800 latia
779 753 834 811 tua3
851 752 922 811 juvet
933 752 1004 805 ¹eninr
1021 748 1077 804 tuis
1088 748 1233 810 preceptis,
1263 781 1264 785 ,

143 820 232 867 multis
244 821 319 868 etiam
333 819 424 868 sanctis
435 821 550 880 negatum
560 820 659 868 noveris
669 832 677 879 3
703 821 752 869 tuis
762 821 892 869 sententiis
902 818 1033 868 immorari.
1044 819 1123 878 Quam
1132 816 1231 864 facilius

144 899 204 934 cum
214 888 289 948 scias,
300 890 356 949 quio
366 900 414 935 non
427 891 460 936 est
474 902 629 949 perrenorum
639 902 678 936 oc·
703 891 740 937 est
754 890 843 936 eoelum
858 891 884 937 et
898 889 990 936 terram
1005 886 1145 948 praeterire,
1156 897 1229 945 quam

143 958 224 1017 ceptor
235 960 307 1021 licus.
317 958 377 1004 llam
389 955 436 1004 etsi
448 957 585 1005 miserimus
596 958 676 1017 Deus,
702 957 732 1004 de
743 958 806 1016 Lege
817 969 895 1004 uuum
903 957 999 1017 apicem
1010 952 1112 1003 cadere?
1122 953 1170 1002 Sed
1178 953 1229 1012 jam

143 1024 230 1075 tamen
240 1025 260 1073 si
272 1038 369 1086 semper
380 1026 509 1074 exaudiret
519 1037 617 1085 omncs,
628 1039 677 1074 non
702 1024 830 1083 audiamus
839 1038 893 1085 quae
904 1025 994 1085 scripta
1008 1025 1065 1072 suut
1076 1035 1082 1069 a
1094 1024 1180 1079 Nune,
1192 1021 1231 1068 in·

141 1093 197 1160 iam
216 1107 249 1142 ex
266 1095 392 1143 voluntate
406 1095 501 1154 libera,
516 1094 561 1142 sed
575 1106 607 1142 ex
618 1107 678 1155 qua·
702 1093 770 1153 quit,
791 1096 864 1141 retine
884 1097 947 1154 opud
966 1095 1107 1152 temetipsum
1128 1093 1230 1138 dolorem

145 1163 205 1211 dam
213 1165 282 1213 velut
292 1165 440 1213 necessitate
452 1164 534 1212 iacere
542 1164 676 1212 videretur.
704 1163 782 1219 tuum,
793 1164 815 1208 et
822 1162 913 1220 fortiter
919 1162 963 1221 scr,
971 1163 1012 1222 oui
1022 1160 1064 1208 tibi
1070 1161 1229 1218 conliperuot,

144 1232 243 1281 Deinde
261 1245 317 1280 cum
332 1244 417 1283 omnes
430 1234 530 1292 rogent,
543 1233 678 1280 siexaudi-
702 1242 777 1277 cesus.
798 1232 824 1278 Si
843 1231 905 1277 euim
921 1229 1081 1288 iustificooeris
1105 1227 1230 1274 terminum

113 1329 115 1332 <
146 1301 187 1349 ret
197 1313 292 1360 omnes,
298 1313 370 1348 nemo
380 1302 525 1348 moreretur.
532 1301 678 1361 Proquantis
702 1299 870 1356 Dei,etfitium
879 1297 1198 1356 iuumrceipieriutcmpore,
1207 1296 1229 1340 et

146 1369 324 1430 ergoquotidie
334 1369 418 1429 rogas?
428 1369 548 1429 Numquid
559 1370 678 1417 constitu·
703 1367 728 1411 iu
745 1366 878 1415 mutieribus
895 1366 1069 1414 odiendobcris.
1090 1363 1115 1409 Sl
1134 1363 1181 1409 boe
1199 1361 1229 1408 ad

145 1437 235 1484 truDer
242 1439 447 1499 contemplatione
456 1438 571 1485 solvenda
579 1437 616 1485 est
626 1436 678 1486 tui?
702 1428 1231 1496 mulierem,quantomagisadsaeerd'oiemi

146 1505 197 1552 cur
207 1517 264 1566 ergo
272 1517 320 1553 non
331 1505 490 1566 impetratum
498 1505 627 1566 aliquando
634 1506 678 1553 do-
702 1505 727 1551 si
738 1505 769 1553 de
779 1505 843 1564 tilio,
853 1518 902 1554 non
911 1506 997 1565 utique
1010 1502 1142 1551 absurdum
1154 1500 1229 1547 etlam

147 1572 200 1630 les,
211 1573 277 1633 quod
292 1586 341 1622 nou
351 1586 448 1634 semper
458 1573 619 1632 impetrabile
624 1586 677 1622 esse
703 1574 735 1622 de
751 1574 853 1623 fratrum
870 1575 999 1623 amissione
1016 1573 1077 1621 talia
1090 1583 1160 1635 posse
1177 1582 1230 1616 me-

148 1641 290 1700 cognoscis?
703 1638 1229 1705 morari}quamquamsimibituissetiilius‚

179 1708 219 1757 66.
235 1709 328 1770 Stulte,
338 1711 435 1772 inquit,
449 1727 518 1774 super
532 1727 610 1763 omnes
624 1727 678 1766 mu·
703 1725 835 1772 numquam
841 1724 897 1760 eum
904 1708 1230 1771 ampliusdilexissem.liam

149 1779 231 1838 lieres,
249 1793 326 1828 nonne
342 1782 405 1831 uicies
422 1784 509 1830 luceium
523 1786 642 1841 nostrum,
657 1785 678 1831 ei
703 1781 768 1828 sicut
777 1781 804 1829 iu
814 1781 883 1828 obitu
893 1779 1028 1827 liberorum
1039 1776 1109 1826 effusi
1119 1777 1229 1832 labores,

148 1846 679 1911 ouoeaobiscontiperunt,quoniamsioumm
704 1845 1231 1909 susceptifrustradoloresmoeroremviden·

150 1917 187 1962 ter
197 1919 279 1964 nostro
294 1919 398 1965 omnium
409 1919 504 1965 tristitie
514 1918 663 1965 contristetur
669 1948 678 1973 ‚
704 1916 745 1963 tur
756 1929 861 1975 augere3
875 1917 910 1964 ita
920 1916 995 1963 etiam
1012 1916 1037 1962 in
1048 1912 1163 1961 iratribus
1175 1924 1229 1959 con-

149 1984 172 2030 ci
186 1982 316 2031 bumdume
330 1985 455 2033 liumitiotu
469 1988 510 2032 est.
527 1987 612 2044 Lupetr
621 1985 680 2032 ooli-
704 1985 840 2033 suetudinis
851 1998 908 2034 usus
917 1986 989 2045 atque
1001 1982 1098 2044 collegii
1109 1980 1231 2029 acerbita-

149 2051 678 2114 dinimeetnune,quoniomomneclupemus‚·
704 2053 755 2102 tem
763 2053 854 2102 doloris
864 2054 1008 2104 accendunt.

150 2121 172 2167 ri
182 2121 450 2182 tristessitis,ouonicm
460 2134 540 2168 omnes
549 2121 680 2168 contristati
734 2123 773 2171 69.
792 2123 839 2171 Sed
859 2135 918 2171 ecee
939 2122 1063 2173 dicentem
1081 2120 1230 2181 scripturam

150 2201 231 2236 sumtus
244 2203 253 2235 .·
265 2191 291 2236 tu
307 2191 369 2238 enim
385 2191 531 2238 contristeris
550 2188 577 2236 in
594 2187 677 2234 tratre.
704 2191 777 2239 audio
788 2205 794 2236 r
806 2191 861 2240 ltloti
874 2191 951 2250 serere
965 2191 1027 2239 laune
1037 2201 1182 2244 emmonem,
1192 2187 1231 2236 sed

150 2257 273 2316 Interropo
291 2259 378 2304 merom
393 2260 415 2305 et
428 2258 486 2304 dicet
500 2257 542 2304 tibi
548 2288 557 2314 ‚
569 2257 680 2316 quoniam
704 2262 807 2309 cementi
812 2262 954 2320 persuaderi.
966 2261 1013 2321 Qui
1016 2261 1077 2306 enim
1085 2270 1151 2305 corus
1160 2253 1231 2303 Sion?

103 2371 112 2385 ff
151 2323 304 2386 boeeestquor
317 2325 497 2386 debeotlupere,
510 2328 630 2373 tantorum
640 2337 680 2372 su·
705 2328 829 2375 Concolere
844 2331 938 2389 propter
955 2329 1058 2376 dolorem
1077 2324 1230 2373 ulmenam.
1281 2317 1286 2325 “

148 2395 236 2452 perstas
248 2395 423 2454 permiuumret
434 2395 535 2453 inipso,
546 2392 679 2452 inquit,otr
706 2397 730 2443 V
729 2397 775 2443 ides
785 2397 847 2443 euim
856 2397 912 2456 quic
926 2397 1008 2444 sunem
1022 2395 1105 2440 nostru
1118 2390 1232 2437 contami-

151 2463 219 2510 initio
228 2475 307 2510 omnes
317 2464 381 2520 noti,
391 2465 413 2510 et
424 2463 465 2509 olii
482 2464 588 2519 uenient,
599 2465 620 2510 rt
631 2475 680 2508 ecoe
704 2465 762 2511 noto
771 2468 837 2522 sunt,
849 2466 870 2513 et
880 2477 963 2513 nomen
975 2464 1035 2524 quod
1044 2460 1190 2508 nominatum
1198 2459 1232 2504 est

95 2532 103 2597 J
148 2544 208 2592 pene
218 2545 297 2582 omnes
311 2535 337 2580 in
348 2532 632 2593 perditionemombuiont
639 2564 648 2589 ‚
659 2534 680 2578 ei
704 2545 772 2590 super
788 2546 847 2591 nor,
860 2546 917 2593 pene
932 2531 1084 2592 profanatum
1100 2530 1146 2584 ert,
1163 2528 1184 2573 el
1197 2526 1232 2573 iiii

150 2601 176 2646 in
191 2603 356 2650 exterminium
368 2601 396 2660 m
410 2602 533 2648 multitudo
547 2614 638 2648 eorum.
648 2601 680 2646 lli
705 2602 779 2648 nostri
789 2603 950 2649 contumelium
963 2601 1027 2660 possi
1037 2600 1091 2648 sunt
1098 2629 1107 2654 ,
1123 2598 1232 2643 elecem.-

150 2670 204 2728 quio
220 2683 274 2730 erpo
289 2669 353 2717 debet
370 2670 446 2728 tupere
464 2669 553 2728 mnpta,
569 2669 615 2715 uici
630 2681 681 2727 quoe
705 2669 850 2717 dotesuostri
859 2670 1033 2725 succensionem,
1043 2667 1146 2714 etleoitoe
1157 2664 1232 2710 nostri

149 2740 200 2784 tom
207 2750 318 2798 nsopnom
323 2737 492 2784 multitudinem
496 2736 602 2795 perdidit,
610 2749 681 2796 quom
706 2735 731 2780 iu
741 2737 871 2794 captivitate
881 2735 988 2793 morunt,
998 2736 1020 2780 et
1030 2734 1137 2780 mulieres
1146 2733 1231 2778 nostrus

149 2807 177 2852 tu
194 2806 235 2864 qui
244 2817 288 2863 pro
298 2815 347 2850 uno
356 2801 433 2849 dotes?
554 2816 557 2831 ¹
706 2805 870 2855 contaminator
879 2805 933 2850 sunt
940 2832 948 2858 ,
956 2802 1083 2860 etoirpines
1090 2801 1176 2846 nostroe
1184 2798 1232 2844 vius

95 2910 98 2916 .
181 2871 222 2918 67.
230 2869 362 2918 absorbeat
372 2868 564 2928 igiturnostrum
574 2869 681 2917 dolorem
705 2882 793 2927 posse,
810 2872 832 2917 ei
846 2871 903 2928 juti
920 2871 994 2916 nostri
1008 2869 1086 2927 rupti,
1102 2870 1124 2914 et
1141 2866 1234 2924 porculi

147 2939 290 2990 eommunis
305 2938 387 2997 dolor,
406 2938 432 2986 et
450 2938 609 2987 acerbitatem
628 2949 682 2995 pro·
706 2939 950 2997 contremuerunt,
964 2937 1085 2994 etpooencs
1099 2934 1232 2980 nostriser-

146 3008 201 3070 prii
209 3006 321 3054 moerorIs
329 3005 453 3055 excludat.
464 3007 517 3054 Non
525 3005 590 3052 enim
599 3004 681 3052 dolere
707 3007 810 3062 cierunt,
817 3007 840 3052 ei
847 3005 995 3063 {oriecnoairi
1004 3004 1098 3051 invalidi
1106 3003 1163 3061 {acti
1169 3002 1232 3048 sunt.

148 3075 272 3124 dehemus
282 3087 339 3135 ees,
348 3088 409 3135 quos
419 3075 543 3124 cernimus
553 3073 681 3133 liberatos3
706 3076 738 3122 lit
743 3075 912 3134 quodomnium
917 3073 994 3131 moins
999 3071 1158 3132 ,sipunculom
1164 3070 1234 3124 Sion,

147 3157 235 3205 neque
243 3145 310 3191 enim
318 3144 394 3192 otiose
405 3147 455 3194 tam
465 3145 559 3193 sanetas
567 3143 613 3192 boe
621 3143 682 3190 tem-
706 3145 817 3204 quonium
826 3145 943 3204 reciperato
950 3145 982 3190 erl
990 3143 1016 3189 de
1024 3141 1098 3201 pierio
1106 3153 1164 3196 suo,
1172 3151 1234 3185 raone

147 3225 212 3274 pore
231 3212 323 3259 animas
340 3213 463 3272 corporeis
480 3213 587 3261 vinculis
607 3212 682 3260 remi·
706 3215 728 3260 ei
738 3214 825 3260 trudito
838 3215 872 3267 est
881 3214 905 3259 in
917 3211 1024 3259 manibus
1033 3221 1129 3265 eorum,
1140 3208 1180 3267 oui
1191 3218 1233 3254 uos·

148 3279 272 3328 nissimur
290 3281 419 3328 absolutas.
438 3282 547 3342 Namque
563 3280 682 3329 velutdi-
706 3284 810 3330 oderunt.
827 3284 863 3330 l'u
877 3294 931 3342 erpo
948 3284 1029 3329 oucule
1050 3283 1116 3327 tuem
1134 3277 1233 3324 multum
1325 3284 1327 3289 ⁴

149 3348 213 3394 vino
222 3347 313 3405 judicio
323 3348 373 3395 tam
383 3361 469 3407 graves
484 3349 570 3397 viduas
588 3349 622 3395 ita
633 3360 682 3410 uno
707 3353 837 3409 tristitiom,
848 3353 870 3398 et
884 3353 968 3411 depone
979 3349 1020 3398 abs
1031 3352 1052 3396 te
1062 3347 1233 3395 multitudinem

149 3419 265 3474 tempore
275 3414 402 3462 defunctas
413 3416 538 3477 videmus,
549 3417 577 3465 ut
587 3416 681 3477 proteo·
706 3420 811 3467 dolonem
818 3434 827 3480 ,·
840 3422 867 3467 ut
881 3420 923 3466 libi
938 3419 1099 3478 repropitietur
1114 3415 1195 3474 tortis,
1211 3415 1234 3458 et

148 3483 229 3532 tionis
244 3483 344 3544 quidam
359 3484 474 3534 videatur
488 3499 618 3545 excessus,
633 3498 682 3533 non
706 3490 807 3544 requiem
816 3486 939 3546 {oeiuttibi
952 3487 1082 3535 ditissimus
1095 3483 1233 3542 requietione

151 3552 240 3601 mortis
257 3565 371 3612 occasus3
389 3566 422 3600 ne
439 3554 556 3602 veterana
573 3555 682 3602 emeritis
697 3557 820 3612 ydolorum.
952 3597 953 3600 ,

151 3619 284 3680 stipendiis
294 3620 413 3680 pudicitia
424 3622 451 3669 in
461 3622 564 3681 dubium
578 3622 621 3669 diu
632 3634 682 3668 ser·
737 3624 776 3671 70.
787 3624 919 3672 cessabunt
925 3623 1002 3684 igitur
1010 3624 1135 3682 lacrymam
1146 3630 1235 3680 paren·

151 3688 206 3736 sati
227 3688 326 3748 pudoris
346 3688 476 3737 incideret.
496 3690 561 3748 Quos
578 3689 683 3751 gemitus
708 3686 1235 3749 dumestenimremediissalutaribus‚quia

95 3796 100 3807 .
153 3756 233 3816 mihi,
242 3769 303 3816 quos
318 3757 412 3806 dolores
424 3759 473 3805 ianr
490 3758 578 3806 acerba
593 3757 684 3806 excitat
709 3760 783 3808 debet
793 3759 886 3818 aliquid
900 3760 966 3807 inter
975 3760 1035 3808 fidos
1045 3762 1071 3808 ei
1081 3757 1186 3818 pertidus
1195 3757 1235 3802 in·

95 3815 102 3831 '
153 3824 306 3873 recordatio?
321 3825 371 3874 Etsi
387 3827 532 3874 moeroribus
546 3840 596 3875 non
612 3837 684 3876 vaca·
706 3829 809 3879 teresse.
821 3829 906 3877 Fleant
917 3841 974 3889 ergo
985 3829 1236 3890 quispemresurree-

95 3948 121 3963 -
155 3895 227 3949 bam,
238 3894 357 3942 tamenin
373 3894 426 3954 ipso
442 3896 647 3956 doloreprivato,
657 3898 684 3945 in
709 3897 782 3946 tionis
796 3897 887 3945 habere
902 3910 951 3945 nou
965 3897 1081 3957 possunt,
1096 3903 1170 3952 quam
1187 3901 1236 3937 non

156 3961 210 4023 ipso
220 3964 344 4010 tantorum
358 3963 446 4011 amisso
457 3964 515 4012 llere
526 3965 685 4025 meritorum,
710 3967 831 4014 sententia
840 3967 886 4014 bel
894 3966 982 4026 eripit,
991 3961 1235 4014 sedideiinclemen-

95 4016 129 4044 ““
156 4031 513 4092 communisquaedamnaturae
524 4033 685 4081 meconditio
712 4034 755 4082 tia
767 4035 864 4082 lntersrt
876 4036 941 4082 inter
951 4034 1039 4081 Glrrrstr
1051 4029 1172 4086 servulos
1183 4026 1235 4073 ido
