2760 4800
21 485 27 501 x
125 429 180 486 are
514 429 638 481 suscrr
652 427 817 477 lussosn

135 516 268 578 solverim}
286 515 369 565 emen
387 509 488 575 ailquid·
500 514 597 575 plenius
619 525 660 562 re·
716 514 739 561 o.
751 514 798 572 Qui
808 514 857 562 tale
868 508 1117 573 habebatjndicium,
1130 506 1216 560 rideri

135 586 243 646 quirenti
258 585 321 644 tibi,
331 584 361 633 ut
373 583 424 632 illio
435 582 522 633 afferre
533 583 607 644 atque
618 595 661 632 ex·
685 593 740 630 mus
764 582 824 642 quid
843 580 895 642 ipse
917 579 991 638 juxta
1011 579 1214 640 gazophylacium

135 653 248 711 sculpere
258 664 307 701 uon
317 651 506 714 supersederim.
685 647 778 708 positus
795 647 954 708 conferebat3
975 659 1025 695 nou
1049 647 1118 695 enim
1137 645 1214 693 otiose

164 719 662 781 Mcsemperquidemdecanlataquaes-
685 716 785 763 viduam
802 716 912 777 praetulit
931 716 979 764 duo
998 728 1046 763 aera
1064 713 1215 762 mittentem·-

133 787 187 849 tio,
198 789 223 836 et
235 789 340 837 celebris
357 788 477 837 absolutio
487 788 535 835 tuit
550 788 662 836 mulieris
684 785 792 832 Pretiosa
801 786 847 834 ista
853 785 983 846 paupertas
988 784 1090 833 estlidei
1099 780 1215 843 opulenta
1227 778 1231 792 ¹

134 855 201 915 eius,
212 870 267 917 quae
282 858 309 906 iu
319 858 383 905 libro
398 856 537 918 Evangelii,
549 856 614 916 quod
625 869 663 904 se·
684 853 811 912 mysterio.
823 855 937 902 istasunt
948 854 996 903 duo
1007 865 1055 901 aera
1065 865 1122 912 quae
1133 851 1216 899 Sarna·

112 928 122 945 “
135 926 242 979 eundum
254 927 390 974 iohannem
400 925 528 985 scribitur,
546 925 662 973 adulterii
684 921 778 968 ritanus
787 923 830 970 ille
839 922 995 982 evangelicus
1002 922 1034 970 ad
1045 922 1100 981 eius
1108 917 1216 996 curanda.

133 1005 176 1042 rea
188 994 268 1042 oblata
280 995 317 1043 est
331 995 435 1043 Christo.
454 995 481 1042 ld
488 995 557 1042 enim
566 994 662 1042 ludaeo-
685 991 800 1051 vulnera,
811 992 854 1051 qui
864 991 953 1041 incidit
963 992 990 1037 in
1001 991 1124 1047 latrones,
1135 985 1216 1035 stabu-

133 1073 189 1109 rum
201 1061 363 1110 commentata
383 1062 420 1111 est
435 1062 621 1122 tergiversati03
634 1063 662 1110 ut
685 1058 745 1105 lario
772 1059 914 1119 dereliquit.
934 1061 995 1122 llrgo
1014 1059 1040 1106 et
1061 1057 1111 1105 ista
1132 1052 1216 1114 specie

133 1130 249 1179 ricontra
269 1131 359 1191 Legem
377 1131 561 1190 absolveretur,
575 1132 662 1179 contra
685 1128 771 1187 vidua,
782 1128 809 1176 in
819 1129 879 1188 typo
891 1129 1022 1188 Ecclesia,
1033 1127 1082 1175 boc
1093 1125 1215 1187 gazophy-

132 1198 223 1259 begem
242 1199 337 1258 prolata
354 1199 452 1245 Domini
465 1199 523 1246 lesu
539 1198 662 1248 sententia
685 1197 747 1243 laeio
763 1209 832 1245 sacro
848 1197 1026 1245 conterendum
1042 1193 1157 1256 putarit,
1167 1203 1215 1254 quo

132 1266 276 1315 teneretur:
289 1267 311 1316 si
327 1267 411 1315 autem
425 1266 547 1314 damnata
557 1268 661 1316 essetex
684 1275 822 1322 pauperum
840 1265 985 1311 sanarentur
1000 1265 1125 1322 ruluera,
1144 1271 1216 1321 pere·

132 1335 212 1396 laege,
223 1349 311 1385 vacare
331 1336 421 1383 Christi
431 1335 558 1383 videretur
574 1336 660 1396 gratia.
684 1331 809 1391 griuorum
818 1332 912 1391 jejunia
924 1332 1077 1380 sedarentur.

162 1404 187 1451 5.
199 1404 246 1451 Sed
252 1404 424 1451 veliementior
435 1403 498 1450 iacta
506 1405 556 1462 est,
564 1406 661 1463 postea·
715 1400 738 1447 6.
750 1402 820 1449 Unde
835 1403 861 1449 et
877 1414 943 1449 nuuc
954 1401 1015 1461 quid
1031 1398 1144 1447 Christus
1160 1407 1216 1444 cou-

132 1483 206 1532 quam
218 1471 327 1531 episcopi
338 1484 393 1519 reos
404 1471 535 1519 criminum
546 1472 661 1532 gravissi·
684 1469 760 1527 ierat,
769 1470 915 1530 spiritaliter
922 1471 948 1517 te
957 1468 1055 1529 oportet
1063 1465 1218 1527 expendere3

132 1551 229 1587 morum
244 1539 271 1586 iu
286 1539 393 1598 publicis
409 1539 509 1597 judiciis
529 1553 660 1601 accusare,
685 1538 811 1585 dividebat
827 1539 894 1586 enim
905 1538 1003 1599 populis
1015 1537 1147 1597 argentum
1163 1534 1216 1593 iguo

131 1607 177 1654 alii
185 1609 210 1654 et
220 1620 308 1668 urgere
316 1621 393 1668 usque
404 1608 434 1655 ad
445 1608 566 1667 gladium,
574 1621 661 1668 supre-
685 1606 854 1654 exarulnatum
866 1609 1019 1668 eloquiorum
1028 1604 1171 1653 coelestium
1178 1634 1185 1661 ,
1193 1600 1217 1648 et

132 1686 248 1735 mamque
280 1675 398 1733 mortem,
421 1675 466 1721 alii
495 1678 660 1724 accusationes
685 1675 799 1733 imaginis
817 1676 891 1734 regie
915 1674 1047 1735 pecuniam
1071 1672 1216 1732 populorum

132 1743 289 1803 huiusmodi,
310 1745 336 1791 et
362 1743 477 1790 cruentos
508 1744 660 1791 sacerdotum
684 1744 860 1789 annumerabat
868 1744 1003 1789 affectibus.
1015 1742 1093 1787 Nemo
1104 1740 1162 1807 plus
1173 1736 1217 1784 mi·

132 1812 518 1873 triurnphosprobarecoeperuut.
526 1811 589 1870 Quid
595 1813 660 1858 enim
685 1809 730 1868 sit,
742 1822 815 1868 quarn
834 1811 876 1870 qui
895 1811 974 1858 totum
986 1809 1097 1859 donarit.
1109 1808 1216 1858 Satiabat

133 1881 201 1929 aliud
211 1881 254 1928 isti
265 1880 363 1939 dicunt,
372 1893 446 1941 quam
457 1879 572 1927 dicebant
582 1881 660 1927 Judaei
685 1876 835 1936 esurientes,
851 1878 963 1936 replebat
980 1878 1080 1937 inopes,
1092 1877 1216 1924 illumiua-

133 1961 189 1999 reos
197 1949 429 2009 criminumlegibus
437 1961 489 1996 esse
500 1949 608 2008 publicis
616 1962 661 2008 pu·
685 1946 726 1993 bat
737 1947 975 2006 caecos-redimebat
985 1947 1111 2007 captivos,
1123 1948 1215 2007 paraly·

133 2018 236 2066 nieudos
246 2030 254 2077 3
266 2019 292 2065 et
309 2016 366 2065 ideo
387 2015 494 2063 accusari
512 2028 553 2062 eos
563 2016 660 2063 etiarna
687 2014 747 2061 ticos
758 2015 880 2074 erigebat,
889 2014 1216 2074 mortuosresuscitabat,et

133 2086 299 2134 sacerdotibus
314 2083 341 2132 ln
357 2082 464 2145 publicis
479 2083 579 2141 iudiciis
590 2096 662 2143 opor·
685 2081 751 2140 quod
767 2083 805 2129 est
823 2084 943 2143 amplius,
960 2082 1103 2130 conterebat
1120 2081 1216 2128 absolu·

134 2153 209 2203 tuisse
219 2187 227 2214 ,
238 2166 299 2214 quos
310 2152 426 2201 adserunt
443 2151 577 2199 secundum
594 2153 661 2212 leges
685 2148 767 2196 tiones
784 2163 896 2211 reorum,
914 2152 1015 2212 peccata
1031 2150 1149 2198 donabat.
1162 2151 1214 2198 llas

134 2224 270 2284 oportuisse
289 2221 389 2284 puniris
408 2220 498 2268 Eadem
519 2221 660 2281 causaest,
685 2218 742 2265 suut
753 2217 800 2265 duo
808 2230 870 2277 aera,
881 2232 936 2278 quae
947 2218 1015 2264 misit
1024 2217 1151 2278 Ecclesia,
1163 2231 1214 2278 pos·
1255 2253 1257 2255 .

133 2293 178 2340 sed
185 2304 301 2340 uumerus
308 2288 571 2348 minor,hocest,non
579 2288 661 2349 dispar
685 2285 798 2346 teaquam
816 2288 935 2348 accepita
951 2288 1056 2335 Christo.
1072 2287 1140 2345 Quid
1152 2288 1214 2335 enim

132 2359 350 2420 judiciiquaestio,
361 2358 405 2406 sed
414 2370 493 2418 poenae
505 2357 587 2416 dispar
597 2359 661 2406 invi·
685 2355 742 2402 suut
752 2356 800 2418 duo
811 2369 871 2416 aera,
883 2357 931 2404 nisi
942 2356 1050 2416 pretium
1059 2355 1120 2402 novi
1132 2358 1158 2403 et
1173 2369 1214 2404 ro-

135 2428 185 2476 dia.
196 2427 389 2475 Unamcbristus
402 2425 485 2486 puniri
494 2438 526 2472 ex
538 2427 602 2486 Lege
613 2440 660 2474 nou
685 2424 745 2470 teris
768 2425 938 2473 Testamenti?
954 2425 1065 2472 Pretium
1084 2425 1213 2484 Scriptura

86 2518 90 2526 .
135 2506 219 2554 passus
229 2495 281 2552 est,
291 2494 331 2542 isti
342 2495 462 2541 minorem
473 2504 605 2540 numerum
617 2495 661 2542 ad·
685 2493 745 2540 tides
755 2495 837 2541 nostra
848 2495 899 2554 est3
912 2507 968 2541 nam
978 2493 1044 2554 quod
1052 2494 1160 2554 legitur,
1171 2506 1212 2553 pro

136 2563 221 2610 serunt
230 2573 282 2609 esse
293 2561 416 2622 punitum.
686 2561 845 2622 intelligentis
856 2564 990 2611 aestimatur
999 2562 1112 2609 arbitrio.
1122 2563 1214 2610 nemis·

164 2629 286 2691 luitque
303 2629 351 2678 locl
368 2630 414 2676 lroc
428 2628 523 2688 judicat
538 2629 660 2679 Cbristnsi
684 2626 1215 2692 sioigiturpeccntorumutriusquepretiuru

133 2698 342 2759 Namplerumque
350 2698 662 2762 secundumqualitateslo·
684 2700 832 2747 Testamenti
843 2702 894 2760 est,
903 2714 958 2761 quae
965 2714 1010 2760 per
1018 2713 1109 2760 agnum
1122 2701 1147 2747 iu
1159 2703 1215 2761 typo

134 2779 218 2816 corum
228 2768 255 2816 in
266 2768 356 2829 quibus
363 2767 466 2814 docebat
477 2762 579 2816 'tarnulos
590 2781 646 2815 suos
652 2798 660 2827 ,
685 2769 828 2817 annuntiata
847 2770 898 2830 est,
917 2769 944 2817 in
966 2769 1073 2818 veritate
1092 2771 1213 2831 completa

132 2834 310 2898 disputationes
318 2848 374 2883 suas
382 2835 486 2883 formare
492 2835 604 2894 diguatus
614 2838 660 2897 est3
684 2849 729 2895 per
745 2837 876 2885 Christum.

133 2903 164 2951 ut
180 2904 206 2952 iu
222 2904 318 2965 porticu
335 2903 484 2962 Salomonis,
498 2903 545 2951 boc
561 2905 611 2964 est,
625 2918 660 2952 sa·
715 2906 737 2951 7.
750 2905 807 2953 ldeo
823 2906 900 2955 habes
914 2919 995 2967 neque
1006 2906 1103 2968 septem
1116 2908 1211 2956 dierum

132 2968 238 3032 pientio,
252 2971 410 3020 deambulans
423 2971 570 3031 loquebatur
585 2985 592 3018 s
610 2974 661 3033 Ego
683 2975 852 3033 purgationem
870 2976 925 3024 sine
943 2978 1019 3024 trium
1039 2977 1140 3024 dierum
1162 2986 1213 3024 esse

133 3039 461 3100 clPoteruaumsumes3ut
474 3039 604 3100 intemplo
615 3041 660 3088 Dei
683 3044 835 3102 purgatione.
855 3044 955 3105 Septem
978 3045 1076 3092 dierum
1103 3044 1214 3106 purgatio
1247 3042 1249 3047 '

133 3105 231 3155 dicebat
241 3120 249 3153 r
261 3109 314 3155 Meo
329 3109 435 3155 docmina
450 3118 498 3152 noo
508 3110 614 3164 almeo,
623 3108 661 3155 scd
670 3072 674 3144 ι
683 3112 818 3158 secundum
829 3114 933 3172 Legem,
944 3127 998 3173 quae
1014 3114 1041 3160 iu
1053 3115 1138 3172 specie
1154 3126 1215 3174 praa·

132 3173 181 3235 deca
192 3177 232 3237 qur·
240 3177 355 3224 memisit.
367 3176 418 3222 lior
429 3186 525 3233 quoque
539 3175 660 3233 iudicium
683 3180 859 3228 sentissabbati
868 3182 1113 3242 spiritalesabbaium
1121 3194 1215 3230 auuun-

132 3243 160 3290 iu
170 3243 263 3304 templo
273 3243 367 3305 positus
377 3241 492 3300 exercet,
507 3242 571 3291 sicut
584 3245 661 3304 scrip·
683 3245 766 3293 liavit:
776 3248 850 3294 trium
855 3249 952 3296 dierum
961 3249 1073 3309 purgatio
1079 3250 1215 3296 secundum
1264 3289 1267 3295 .

68 3363 72 3370 ,
131 3311 659 3373 tumestinposterioribus3sicenimhabes:
683 3315 799 3375 gratiam,
821 3324 877 3377 quae
895 3319 1020 3379 Evangelii
1040 3319 1214 3367 testificatione

131 3380 268 3428 Hoc-verba
278 3382 498 3440 loquutuseetdesus
508 3383 534 3429 io
544 3384 660 3442 qazoply-
683 3383 804 3443 signatur3
815 3387 873 3444 quia
890 3387 964 3434 tertio
982 3387 1023 3434 die
1041 3387 1163 3436 Dominus
1177 3399 1215 3434 re-

131 3444 206 3502 loclo,
217 3447 298 3494 docens
308 3449 332 3517 io
348 3450 443 3508 ἐσηψῐος
458 3451 480 3496 et
498 3462 566 3496 nemo
577 3463 660 3510 oppre-
682 3454 853 3502 surrentum
862 3465 943 3502 rmus
951 3455 1131 3514 prescribitur,
1141 3456 1214 3504 debet

132 3510 210 3559 leodii
229 3525 291 3559 eum.
307 3513 372 3571 Quid
390 3517 427 3563 est
444 3515 659 3575 gazophylacium?
684 3534 736 3569 esse
752 3523 897 3581 poenitentia
912 3524 1069 3583 peccatorum
1089 3524 1156 3571 :ubi
1175 3537 1214 3571 re·

131 3579 232 3628 collatio
255 3581 379 3644 fidelium,
401 3585 494 3632 sumtus
506 3597 657 3647 pauperum,
682 3590 766 3637 missio
785 3590 901 3649 donatur,
919 3592 999 3650 gratia
1022 3590 1069 3638 est.
1095 3591 1213 3638 Praecedit

131 3648 231 3708 requies
241 3662 386 3712 egenorum,
402 3652 475 3712 iuxta
493 3654 558 3714 qnod
570 3655 658 3704 sedens
683 3658 961 3717 poenitenlia,sequitur
971 3659 1058 3718 gralia.
1067 3659 1153 3717 Neque
1163 3670 1214 3717 poe-
1227 3712 1229 3717 ,

131 3715 254 3784 christus,
264 3719 293 3766 ut
310 3719 386 3768 habes
403 3722 537 3770 secuudum
553 3724 657 3781 Lucam,
682 3725 786 3773 nitentia
805 3739 862 3784 ergo
872 3726 925 3774 sine
937 3727 1029 3785 gratia,
1041 3728 1124 3783 neque
1136 3725 1213 3783 gratia

131 3782 180 3834 duo
189 3799 238 3838 aera
247 3787 358 3837 mulieris
367 3789 448 3838 viduae
458 3790 562 3838 divitum
571 3804 658 3839 mune·
683 3793 736 3840 sine
747 3795 908 3853 poeuitentia;
919 3794 993 3842 debet
1004 3795 1071 3841 enim
1089 3795 1213 3852 poeniten·

131 3853 200 3904 ribus
211 3857 305 3905 censuit
315 3855 480 3917 praeierenda,
492 3858 576 3904 divino
586 3860 658 3907 vide·
683 3860 717 3907 tia
733 3860 801 3918 prius
812 3860 928 3907 damnare
943 3861 1085 3920 peccatum,
1096 3861 1124 3908 ut
1135 3859 1212 3922 gratia

36 3960 39 3964 .
130 3923 191 3974 beet
200 3925 340 3973 testimonio
357 3925 489 3985 praeterens
499 3927 585 3986 opimae
598 3940 659 3987 prae·
683 3927 759 3986 possit
776 3929 884 3976 abolere.
895 3929 953 3976 ldeo
964 3929 1051 3988 typum
1062 3928 1136 3990 Legis
1146 3928 1212 3976 acci-

114 4052 117 4057 ,
132 3993 189 4041 miis
204 3991 339 4054 largitatis,
349 3992 438 4043 sedule
453 3992 609 4043 liberalitatis
621 3995 659 4043 ai·
682 3994 754 4054 piens
769 3997 892 4044 lohannes
902 3998 1035 4057 baptizavit
1051 3997 1079 4045 in
1089 3998 1214 4063 poeniten-¹

130 4058 233 4111 ledum.
684 4062 1037 4131 tism,uunstusaogratisus
