2760 4800
360 390 403 434 ΒΕ
418 388 557 433 srrnlru
577 386 713 431 sidero
731 389 829 434 uranu
848 390 882 434 ll.
1134 385 1164 436 Β
1183 439 1185 442 ,

81 469 168 529 pictic-
180 473 242 532 Ergo
252 470 388 527 secuudum
403 471 544 532 Apostolum
561 481 611 517 non
637 468 683 516 est.
700 471 730 517 ln
744 482 793 531 quo
808 463 896 531 utiquo
912 483 967 518 cum
983 482 1028 532 per
1042 471 1164 522 christum

80 541 159 588 solum
169 552 215 601 per
224 542 322 602 Patrem
331 540 470 599 etlilium,
482 539 525 588 sed
536 539 611 587 etiam
637 536 731 586 electus
748 539 782 588 sit
796 540 823 587 et
840 537 979 600 adsumtus,
997 541 1164 599 operationem

81 608 514 677 perSpiritumsauctumproplretla;
523 607 611 656 etideo
636 607 726 656 t'hrisli
741 609 797 669 quis
812 608 902 656 audeat
913 609 1028 667 diiliteri,
1040 621 1097 657 cum
1111 611 1163 669 ipso

80 688 160 724 unum
178 690 282 738 munus,
301 689 351 725 una
369 678 407 726 est
426 677 513 738 gratia.
529 676 611 724 llahes
636 677 757 724 Dominus
773 676 841 725 dicat
855 679 946 725 :Posce
957 678 1075 738 cuniculos
1085 677 1164 726 meost

80 757 138 805 ergo
148 745 206 806 quia
216 747 292 794 etiam
302 745 408 808 Spiritus
418 747 503 795 auctor
511 745 548 794 est
555 756 612 805 pro-
666 744 721 793 lli.
730 746 783 793 Una
791 746 866 806 igitur
874 745 984 805 operatio
990 745 1068 794 Patris
1075 746 1101 793 et
1108 746 1164 792 lilii

79 812 232 872 plretiarum.
636 813 1164 874 etSpiritussauctirnisiiortelrocputetis,

111 879 166 928 iti.
177 882 285 941 Apostoli
303 895 399 943 quoque
413 882 533 930 dixerunt
547 894 555 930 t
567 883 612 932 Vt·
635 884 679 943 qui
687 883 782 944 negatis
790 883 901 942 ejusdem
909 895 966 942 erpa
974 883 1094 943 apostolos
1102 895 1166 942 ope·
1223 903 1226 916 ·

78 961 133 996 sum
143 952 178 998 cst
193 951 293 1010 Spiritui
301 952 381 998 coacto
395 952 417 998 et
427 949 503 997 octo.
515 948 544 996 Et
555 962 611 997 eum
635 951 669 999 ris
686 953 821 1013 unitatem,
836 953 892 1000 ideo
910 952 1037 1012 operatum
1054 952 1164 1012 Patrem,
1241 951 1244 955 ’
1306 1013 1311 1026 .

80 1015 182 1075 dicunt,
192 1018 283 1074 visum,
293 1029 344 1065 non
361 1019 442 1066 solum
456 1017 611 1077 operatorem
636 1019 692 1068 ideo
700 1023 827 1082 operatum
835 1021 952 1080 Spiritum
960 1021 985 1068 in
992 1019 1074 1080 Petro,
1082 1020 1108 1067 in
1116 1033 1165 1080 quo

78 1084 179 1144 gratias,
190 1085 234 1133 sed
251 1086 326 1134 etiam
342 1086 470 1134 auctorem
485 1085 611 1146 imperatae
635 1089 712 1138 Filius
729 1092 844 1150 operatus
861 1090 954 1149 iuerat,
972 1089 1042 1150 quasi
1064 1088 1089 1137 ei
1107 1088 1165 1138 Filii

79 1155 247 1202 exsecutionis
262 1155 402 1204 ostendunt.
414 1154 485 1202 Sicut
498 1154 570 1201 euim
580 1153 611 1202 de
635 1159 851 1217 operatiominime
857 1158 1007 1205 redundaret
1012 1157 1044 1204 ad
1051 1156 1165 1216 gratiam.

79 1223 134 1271 lieo
152 1224 257 1284 legimus
267 1238 275 1272 a
285 1227 380 1274 Placuit
396 1227 462 1284 90⁰3
480 1224 517 1272 itu
535 1223 612 1272 etiam
635 1227 664 1274 Et
681 1227 737 1275 ideo
752 1227 823 1276 velut
838 1226 962 1285 adiunctis
979 1226 1053 1285 atque
1070 1224 1165 1272 collatis

79 1293 610 1355 cumdiciturquiavisamestSpiritoisoucto‚
635 1296 731 1344 viribus
740 1297 819 1344 Patris
830 1297 856 1344 et
866 1286 922 1342 Filii
934 1294 959 1342 et
969 1293 1075 1354 Spiritus
1085 1291 1165 1340 sancti

79 1362 174 1410 arbiter
183 1376 233 1412 suae
243 1365 393 1424 exprimitur
403 1364 542 1424 potestatis.
635 1365 803 1424 operationem
814 1364 889 1412 inisse
900 1361 1080 1422 multiplicem,
1091 1374 1123 1409 ne
1133 1361 1166 1410 ad

112 1430 611 1493 rto.utquomodonouarbitcr,quiea
635 1433 826 1481 confirmandum
851 1433 951 1480 l’etrurn
972 1430 1063 1480 clansii
1089 1431 1165 1477 solius

79 1500 609 1563 quaevurt,1oqunur,quaevu1t,maruan
635 1503 745 1562 operatio
763 1500 902 1549 vacillaret.

79 1569 146 1617 sicut
156 1570 255 1618 mandat
264 1572 349 1631 Pater,
360 1570 459 1618 mandat
474 1569 500 1617 et
515 1568 610 1616 Filius?
666 1571 868 1620 coenosorum
878 1581 927 1616 uua
935 1567 1045 1627 operatio
1056 1565 1083 1614 ln
1093 1565 1166 1613 l’etro

79 1637 149 1686 Sicut
157 1637 224 1686 enim
232 1638 327 1686 audivit
334 1640 517 1686 Paulusvocem
526 1637 612 1685 dicen·
634 1641 712 1689 Patris
723 1642 749 1688 et
758 1640 814 1687 l'ilii
826 1640 852 1687 et
862 1637 968 1697 Spiritus
979 1635 1055 1684 sancti
1066 1633 1166 1682 inveni-

79 1709 131 1754 tem
139 1706 187 1754 sihi
197 1719 204 1752 τ
214 1709 337 1769 diuorum,
346 1707 529 1767 inquit,.lesas,
541 1719 611 1767 pacm
634 1710 689 1770 tur,
701 1709 745 1757 sed
755 1709 831 1756 etiarn
841 1707 868 1754 in
876 1705 990 1755 omnibus
1000 1702 1116 1765 apostolis
1126 1701 1166 1749 di·

79 1779 106 1823 tu
120 1779 279 1837 persepawrm
290 1776 325 1824 ita
336 1777 412 1825 etiam
426 1775 534 1835 Spiritus
547 1776 612 1823 Pau·
635 1781 699 1828 rinae
716 1777 866 1838 operationis
883 1775 965 1824 unitas
983 1773 1121 1832 revelatur,
1140 1771 1167 1818 et

80 1844 133 1891 lum
144 1846 171 1892 et
180 1843 256 1890 Silam
266 1845 349 1892 vetuit
365 1844 402 1892 ire
413 1844 441 1890 in
456 1843 610 1903 Bithyniam.
635 1847 745 1908 quaedam
765 1858 878 1905 supernae
889 1842 1072 1892 constitutionis
1081 1840 1167 1888 aucto-

80 1913 111 1960 nt
118 1912 183 1960 sicut
191 1914 264 1961 Pater
274 1914 390 1973 loquutus
401 1914 440 1960 est
448 1924 494 1971 per
503 1912 612 1971 prophe·
634 1917 703 1963 ritas.
715 1915 850 1961 Ornnnmo
862 1913 930 1960 enim
941 1909 1025 1958 divina
1036 1908 1112 1955 habet
1121 1908 1168 1954 im-

80 1983 131 2038 las,
142 1980 177 2027 ita
188 1980 262 2027 etiam
274 1980 304 2026 de
316 1979 412 2040 Spiritu
421 1979 519 2038 Agabus
528 1978 610 2026 dicit:
634 1983 803 2043 perium,n0n
812 1981 888 2027 habet
896 1976 1076 2034 ministerium3
1085 1986 1167 2034 nequo

80 2051 137 2097 lloec
146 2051 200 2096 dicit
213 2050 314 2109 Spiritus
323 2051 434 2096 cunctos:
447 2047 533 2095 Virum
544 2046 612 2104 cuius
636 2049 703 2096 euim
719 2059 776 2094 cum
793 2048 910 2107 operatur
925 2045 1005 2102 Deus,
1025 2043 1068 2090 aut
1081 2042 1166 2088 laboro

80 2121 115 2166 est
124 2131 187 2166 rouo
196 2119 259 2177 toec,
270 2121 302 2166 sic
313 2117 442 2177 elicuisset
450 2128 504 2162 eam
520 2118 545 2162 io
555 2117 612 2162 iiie-
635 2115 729 2174 aliquid
744 2113 874 2172 extundit,
886 2113 928 2160 aut
946 2113 1016 2159 arte:
1033 2110 1077 2158 sed
1090 2112 1167 2167 dicit,

80 2188 193 2235 molon.
205 2188 235 2234 Et
251 2187 315 2235 sicut
329 2186 396 2233 misit
412 2184 538 2244 Sapientia
552 2195 612 2243 apo-
635 2186 656 2230 el
665 2183 729 2244 facto
738 2184 802 2230 aaut.
811 2182 1007 2241 Dixit,i'iottcc
1017 2180 1168 2239 ‚ctfoctceat

80 2255 169 2313 siclos,
179 2247 265 2302 dicen's
276 2269 283 2300 ι
294 2257 329 2303 lte
338 2257 364 2302 ia
375 2253 454 2301 orbem
464 2254 612 2307 uuiversum,
636 2254 678 2300 luc
686 2252 731 2311 ,·.iu
746 2252 872 2310 praecepto
881 2250 949 2299 enim
957 2249 1008 2296 Dei
1016 2246 1168 2307 operationis

80 2325 104 2370 et
116 2324 240 2383 proedicoic
251 2324 416 2383 Evangelium3
427 2321 462 2368 sic
473 2322 499 2368 et
509 2319 612 2379 Spiritus
635 2322 738 2368 eliectus
748 2320 795 2368 est.

80 2392 180 2439 sanctus
195 2391 256 2440 dicit
267 2404 274 2437 r
286 2393 397 2452 separate
407 2390 465 2437 milti
476 2389 580 2437 Paulam
590 2390 612 2435 et
666 2388 720 2437 sle.
737 2390 805 2436 lianc
820 2386 896 2447 igitur
913 2385 1022 2446 regalem
1036 2383 1167 2444 quamdam

80 2459 220 2507 Romulum
231 2461 256 2507 ia
269 2473 326 2519 opus
332 2491 341 2516 ,
356 2471 401 2518 pao
412 2459 493 2506 uocari
501 2469 548 2504 eos.
562 2455 613 2502 lta·
637 2459 713 2506 etiam
723 2458 806 2505 sancto
814 2454 916 2516 Spiritui
927 2454 1075 2515 potestatem
1087 2452 1168 2511 Scrip-

79 2541 132 2589 quc
149 2529 268 2588 praemissi
286 2542 302 2576 a
317 2528 411 2587 Spiritu
430 2527 529 2584 sancto,
547 2524 614 2587 quod
638 2528 747 2574 turarum
757 2525 929 2574 testificatione
939 2522 1058 2580 delatam,
1070 2521 1091 2567 si
1103 2521 1169 2567 reli-

80 2595 147 2644 inira
163 2597 288 2657 Scriptura
298 2597 406 2657 indicat,
416 2597 511 2643 nullam
521 2594 614 2657 discre-
637 2609 692 2644 mus
706 2596 849 2654 advertere,
865 2593 939 2640 iacilc
953 2601 1083 2651 possumus
1097 2600 1170 2648 repe-

80 2667 176 2714 tionern
188 2665 614 2724 intercaeteroshahueruntaposto-
636 2666 703 2723 rirc3
727 2675 859 2722 omnesque
878 2659 999 2720 apostolos
1021 2670 1071 2714 non
1089 2657 1168 2703 solum

80 2737 133 2793 los,
145 2737 215 2796 quasi
233 2736 305 2783 aliter
323 2746 338 2781 a
354 2736 425 2783 Patre
436 2736 502 2793 Deo,
518 2734 614 2781 alitcra
637 2734 724 2781 Christi
732 2733 806 2780 tuisse
815 2729 948 2789 discipulos
956 2727 1116 2786 revelabitur,
1125 2726 1169 2774 sed

81 2805 179 2865 Spiritu
195 2803 362 2850 mitterentur.
638 2802 713 2849 etiam
731 2800 809 2847 Patris
820 2799 845 2845 et
858 2797 915 2845 l'ilil
927 2796 952 2843 et
967 2795 1073 2854 Spiritus
1091 2792 1168 2840 sancti

114 2870 169 2918 llo.
179 2870 292 2930 Denique
300 2881 356 2917 cum
361 2869 450 2922 Paulus
457 2868 546 2914 missus
552 2868 616 2924 esset
639 2869 771 2916 miumtros.
787 2866 856 2913 Sicut
867 2866 942 2912 etiam
952 2863 1043 2910 Ductor
1056 2861 1169 2920 gentium

81 2937 217 3000 aspiritu,
227 2938 304 2986 etuas
314 2936 443 2984 electionis
452 2935 615 2995 eratclrristi,
639 2936 711 2985 docet
725 2936 811 2982 (licens
825 2947 832 2980 a
850 2935 968 2995 Quosdam
985 2932 1077 2990 quidem
1094 2929 1170 2988 posuit

83 3008 111 3056 et
121 3009 202 3055 Deum
213 3008 240 3054 in
250 3020 276 3054 se
295 3005 424 3066 operatum
441 3017 496 3053 esse
507 3016 617 3051 comme-
640 3008 702 3052 Deus
719 3007 745 3051 io
755 3003 874 3059 Ecclesia,
889 3001 968 3060 primo
988 2997 1116 3057 apostolos,
1133 3009 1170 3043 ce·

83 3079 178 3138 morat,
196 3077 281 3126 dicens
291 3091 299 3123 ε
311 3078 358 3138 Qui
375 3076 438 3124 enim
455 3076 566 3134 operatas
583 3076 616 3122 cst
638 3075 713 3120 cauda
727 3070 864 3132 propicius,
877 3069 945 3116 tertio
955 3068 1059 3112 doctores
1071 3079 1079 3111 .·
1090 3065 1170 3110 dende

83 3152 155 3197 Petro
163 3150 188 3195 ia
196 3147 351 3206 apostolatum
359 3144 615 3202 circumcisionis,.ope·
638 3142 748 3199 virtutes,
765 3139 869 3199 prolium
888 3136 1052 3189 curationum,
1068 3132 1171 3192 opitula-
1272 3133 1274 3139 '

83 3220 152 3265 ratus
170 3218 203 3263 est
213 3219 235 3263 et
245 3215 305 3262 mitt
319 3215 349 3261 od
367 3215 451 3273 pentes.
467 3212 527 3258 Cum
538 3210 615 3271 igitur
638 3212 724 3268 tiones,
733 3207 923 3269 ostentationes,
932 3202 1170 3264 umercliopucrum·

84 3284 151 3332 idem
171 3283 203 3331 sit
227 3283 341 3341 operatus
361 3281 388 3327 in
409 3280 498 3338 Paulo,
516 3279 559 3339 qui
579 3279 616 3327 est
669 3279 722 3326 iso.
734 3279 795 3324 Ecce
806 3277 873 3322 Deus
887 3273 969 3333 posuit
980 3269 1115 3330 apostolos,
1126 3280 1171 3328 po·

84 3352 200 3413 operatus
214 3349 240 3397 iu
250 3351 335 3409 Petro,
346 3349 393 3396 hoc
408 3348 616 3407 utiqueostendi·
637 3346 688 3394 suit
695 3344 828 3404 prophetas
837 3343 912 3402 atque
921 3337 1173 3398 doctores,deditcu·

84 3425 127 3470 tur
136 3432 192 3468 cum
203 3418 309 3478 Spiritus
319 3417 351 3466 sit
361 3418 477 3478 operatus
487 3416 515 3463 in
524 3417 615 3477 Paulo,
638 3415 761 3462 rationum
775 3411 895 3471 gratiam,
910 3420 986 3469 quam
1001 3417 1075 3465 supra
1094 3403 1172 3452 habes

85 3486 238 3549 quodetiam
255 3488 282 3534 in
300 3487 373 3534 Petro
391 3485 500 3546 Spiritus
517 3485 616 3532 sanctus
638 3472 1172 3541 dariperSpiritumsauctum,deditgeuera
1189 3478 1190 3482 ’

84 3557 200 3617 operatus
207 3557 248 3604 sit.
258 3555 306 3604 sed
316 3558 342 3604 et
351 3557 431 3602 Deum
442 3554 540 3600 Patrem
550 3554 578 3600 in
588 3566 615 3601 se
638 3550 786 3608 linguarum.
798 3546 847 3594 Sed
860 3545 945 3592 tamen
957 3555 1006 3590 non
1017 3554 1101 3590 omues
1112 3551 1172 3599 apo·

85 3625 214 3684 operatum
224 3625 311 3672 Petrus
318 3624 372 3683 ipse
382 3624 499 3681 testatur,
507 3621 572 3668 sicut
579 3624 617 3670 est
639 3619 710 3676 stoli,
721 3629 770 3664 nou
781 3627 866 3662 omues
875 3612 1014 3672 prophctae3
1026 3618 1076 3656 non
1086 3619 1173 3655 omnes

86 3695 113 3741 in
131 3692 231 3740 rictibus
249 3693 429 3752 apostolorum,
444 3690 502 3751 quia
514 3702 616 3750 surpeus
639 3687 759 3734 doctores.
778 3685 830 3730 lion
849 3694 947 3739 omnes,
965 3679 1059 3739 iuquit,
1079 3677 1172 3754 habent
1247 3689 1249 3692 ·

83 3762 173 3810 Petrus
190 3761 255 3809 dixit
273 3759 304 3807 ad
315 3773 358 3808 eos
373 3760 447 3810 sViri
464 3759 564 3818 iratres,
576 3771 617 3806 vos
639 3755 742 3816 gratiam
752 3751 921 3808 curationum,
932 3759 1013 3807 neque
1024 3755 1173 3802 ornnes,rn-
1274 3757 1281 3766 ‘

84 3833 148 3879 scitis
170 3832 227 3890 quic
248 3844 265 3877 c
281 3830 361 3878 dietas
380 3829 483 3887 antiquis
506 3825 533 3874 ia
550 3828 617 3877 nobis
639 3813 1172 3882 quit,linguisloquuntur.luslngulisen1m

85 3903 149 3948 Deos
164 3900 230 3959 clepit
245 3913 275 3946 ecc
289 3911 329 3945 ore
344 3911 396 3945 mco
411 3900 493 3945 audire
510 3898 616 3946 notiones
640 3892 781 3940 hominibus
799 3888 914 3936 universa
932 3886 996 3933 dona
1013 3883 1099 3958 divina
1118 3888 1171 3924 esse

85 3966 183 4012 aurbum
197 3966 325 4026 Eacaceia.
340 3966 402 4011 Ecce
417 3965 493 4024 igitur
504 3964 532 4010 in
543 3964 616 4012 Petro
639 3973 688 4010 uon
698 3958 800 4020 possunt
812 3970 818 4002 ι
830 3968 874 4015 pro
887 3954 961 4012 captu
969 3955 1134 4008 unusquisque
1146 3942 1172 3989 id

86 4035 154 4081 Deus
173 4034 275 4094 gratiam
299 4031 479 4091 predicationis
502 4032 616 4090 operatus
641 4028 744 4088 accipit,
756 4025 821 4086 quod
832 4023 874 4070 aut
885 4017 1024 4074 desiderat,
1036 4013 1079 4061 aut
1090 4022 1173 4058 moro·-
