<?xml version="1.0" encoding="UTF-8"?>
<!DOCTYPE html PUBLIC "-//W3C//DTD XHTML 1.0 Transitional//EN"
    "http://www.w3.org/TR/xhtml1/DTD/xhtml1-transitional.dtd">
<html xmlns="http://www.w3.org/1999/xhtml" xml:lang="en" lang="en">
 <head>
  <title>
</title>
<meta http-equiv="Content-Type" content="text/html;charset=utf-8" />
  <meta name='ocr-system' content='tesseract 3.04.00' />
  <meta name='ocr-capabilities' content='ocr_page ocr_carea ocr_par ocr_line ocrx_word'/>
</head>
<body>
  <div class='ocr_page' id='page_1' title='image "./operaomnia03ambrgoog/operaomnia03ambrgoog_0195.png"; bbox 0 0 2760 4800; ppageno 0'>
   <div class='ocr_carea' id='block_1_1' title="bbox 625 430 937 475">
    <p class='ocr_par' dir='ltr' id='par_1_1' title="bbox 625 430 937 475">
     <span class='ocr_line' id='line_1_1' title="bbox 625 430 937 475; baseline 0 -3"><span class='ocrx_word' id='word_1_1' title='bbox 625 431 752 475; x_wconf 69' lang='lat' dir='ltr'><strong>sancti</strong></span> <span class='ocrx_word' id='word_1_2' title='bbox 770 430 937 475; x_wconf 69' lang='lat' dir='ltr'>AMBROSH</span> 
     </span>
    </p>
   </div>
   <div class='ocr_carea' id='block_1_2' title="bbox 430 743 1124 820">
    <p class='ocr_par' dir='ltr' id='par_1_2' title="bbox 430 743 1124 820">
     <span class='ocr_line' id='line_1_2' title="bbox 430 743 1124 820; baseline 0 0"><span class='ocrx_word' id='word_1_3' title='bbox 430 746 507 820; x_wconf 79' lang='lat' dir='ltr'><strong>DE</strong></span> <span class='ocrx_word' id='word_1_4' title='bbox 547 744 731 819; x_wconf 83' lang='lat' dir='ltr'><strong>OBITU</strong></span> <span class='ocrx_word' id='word_1_5' title='bbox 770 743 1124 820; x_wconf 77' lang='lat' dir='ltr'><strong>&#39;innonosll</strong></span> 
     </span>
    </p>
   </div>
   <div class='ocr_carea' id='block_1_3' title="bbox 693 944 866 1000">
    <p class='ocr_par' dir='ltr' id='par_1_3' title="bbox 693 944 866 1000">
     <span class='ocr_line' id='line_1_3' title="bbox 693 944 866 1000; baseline -0.006 -1"><span class='ocrx_word' id='word_1_6' title='bbox 693 944 866 1000; x_wconf 52' lang='lat' dir='ltr'><strong>oneum&amp;</strong></span> 
     </span>
    </p>
   </div>
   <div class='ocr_carea' id='block_1_4' title="bbox 230 1240 1319 3088">
    <p class='ocr_par' dir='ltr' id='par_1_4' title="bbox 231 1240 1319 2197">
     <span class='ocr_line' id='line_1_4' title="bbox 265 1240 1319 1307; baseline 0.007 -19"><span class='ocrx_word' id='word_1_7' title='bbox 265 1242 288 1288; x_wconf 88' lang='lat' dir='ltr'><strong>l.</strong></span> <span class='ocrx_word' id='word_1_8' title='bbox 300 1240 431 1289; x_wconf 86' lang='lat' dir='ltr'><strong>llocnobis</strong></span> <span class='ocrx_word' id='word_1_9' title='bbox 441 1242 523 1289; x_wconf 91' lang='lat' dir='ltr'><strong>motus</strong></span> <span class='ocrx_word' id='word_1_10' title='bbox 532 1243 653 1289; x_wconf 87' lang='lat' dir='ltr'><strong>terrarum</strong></span> <span class='ocrx_word' id='word_1_11' title='bbox 663 1254 763 1302; x_wconf 67' lang='lat' dir='ltr'><strong>graves,</strong></span> <span class='ocrx_word' id='word_1_12' title='bbox 789 1243 870 1290; x_wconf 86' lang='lat' dir='ltr'><strong>Deum</strong></span> <span class='ocrx_word' id='word_1_13' title='bbox 884 1242 969 1292; x_wconf 85' lang='lat' dir='ltr'><strong>tavere</strong></span> <span class='ocrx_word' id='word_1_14' title='bbox 985 1243 1089 1303; x_wconf 79' lang='lat' dir='ltr'><strong>pietati,</strong></span> <span class='ocrx_word' id='word_1_15' title='bbox 1099 1245 1260 1307; x_wconf 80' lang='lat' dir='ltr'><strong>ultoremque</strong></span> <span class='ocrx_word' id='word_1_16' title='bbox 1271 1259 1319 1297; x_wconf 85' lang='lat' dir='ltr'><strong>csse</strong></span> 
     </span>
     <span class='ocr_line' id='line_1_5' title="bbox 235 1311 907 1370; baseline -0.001 -11"><span class='ocrx_word' id='word_1_17' title='bbox 235 1311 281 1359; x_wconf 90' lang='lat' dir='ltr'><strong>boc</strong></span> <span class='ocrx_word' id='word_1_18' title='bbox 295 1312 365 1370; x_wconf 77' lang='lat' dir='ltr'><strong>iuges</strong></span> <span class='ocrx_word' id='word_1_19' title='bbox 381 1312 472 1370; x_wconf 80' lang='lat' dir='ltr'><strong>pluviae</strong></span> <span class='ocrx_word' id='word_1_20' title='bbox 484 1311 656 1369; x_wconf 74' lang='lat' dir='ltr'><strong>minabantur,</strong></span> <span class='ocrx_word' id='word_1_21' title='bbox 665 1312 690 1358; x_wconf 86' lang='lat' dir='ltr'><strong>et</strong></span> <span class='ocrx_word' id='word_1_22' title='bbox 699 1312 763 1358; x_wconf 79' lang='lat' dir='ltr'><strong>ultra</strong></span> <span class='ocrx_word' id='word_1_23' title='bbox 789 1312 907 1370; x_wconf 77' lang='lat' dir='ltr'><strong>perndie.</strong></span> 
     </span>
     <span class='ocr_line' id='line_1_6' title="bbox 233 1379 1318 1440; baseline 0 -11"><span class='ocrx_word' id='word_1_24' title='bbox 233 1382 332 1429; x_wconf 84' lang='lat' dir='ltr'><strong>solitum</strong></span> <span class='ocrx_word' id='word_1_25' title='bbox 344 1380 422 1438; x_wconf 76' lang='lat' dir='ltr'><strong>caligo</strong></span> <span class='ocrx_word' id='word_1_26' title='bbox 433 1379 584 1426; x_wconf 80' lang='lat' dir='ltr'>tenebrosior</span> <span class='ocrx_word' id='word_1_27' title='bbox 592 1379 763 1437; x_wconf 76' lang='lat' dir='ltr'><strong>denuntiabat,</strong></span> <span class='ocrx_word' id='word_1_28' title='bbox 818 1379 842 1426; x_wconf 82' lang='lat' dir='ltr'><strong>b.</strong></span> <span class='ocrx_word' id='word_1_29' title='bbox 849 1379 969 1439; x_wconf 75' lang='lat' dir='ltr'><strong>Ejusergo</strong></span> <span class='ocrx_word' id='word_1_30' title='bbox 978 1379 1098 1440; x_wconf 88' lang='lat' dir='ltr'><strong>principis</strong></span> <span class='ocrx_word' id='word_1_31' title='bbox 1105 1380 1130 1428; x_wconf 90' lang='lat' dir='ltr'><strong>et</strong></span> <span class='ocrx_word' id='word_1_32' title='bbox 1139 1381 1258 1440; x_wconf 77' lang='lat' dir='ltr'><strong>proxime</strong></span> <span class='ocrx_word' id='word_1_33' title='bbox 1266 1393 1318 1429; x_wconf 88' lang='lat' dir='ltr'><strong>eon·</strong></span> 
     </span>
     <span class='ocr_line' id='line_1_7' title="bbox 233 1447 1318 1510; baseline 0.001 -15"><span class='ocrx_word' id='word_1_34' title='bbox 233 1448 299 1509; x_wconf 87' lang='lat' dir='ltr'><strong>qnod</strong></span> <span class='ocrx_word' id='word_1_35' title='bbox 318 1449 522 1495; x_wconf 87' lang='lat' dir='ltr'><strong>elementissimus</strong></span> <span class='ocrx_word' id='word_1_36' title='bbox 543 1448 675 1508; x_wconf 88' lang='lat' dir='ltr'><strong>imperator</strong></span> <span class='ocrx_word' id='word_1_37' title='bbox 683 1449 763 1495; x_wconf 80' lang='lat' dir='ltr'><strong>Theo-</strong></span> <span class='ocrx_word' id='word_1_38' title='bbox 788 1447 948 1495; x_wconf 84' lang='lat' dir='ltr'><strong>clamavimus</strong></span> <span class='ocrx_word' id='word_1_39' title='bbox 958 1447 1069 1507; x_wconf 79' lang='lat' dir='ltr'><strong>obitum,</strong></span> <span class='ocrx_word' id='word_1_40' title='bbox 1086 1450 1112 1495; x_wconf 86' lang='lat' dir='ltr'><strong>et</strong></span> <span class='ocrx_word' id='word_1_41' title='bbox 1131 1461 1198 1496; x_wconf 92' lang='lat' dir='ltr'><strong>nune</strong></span> <span class='ocrx_word' id='word_1_42' title='bbox 1216 1449 1318 1510; x_wconf 85' lang='lat' dir='ltr'><strong>qnadra-</strong></span> 
     </span>
     <span class='ocr_line' id='line_1_8' title="bbox 232 1516 1317 1575; baseline 0.002 -11"><span class='ocrx_word' id='word_1_43' title='bbox 232 1518 317 1564; x_wconf 85' lang='lat' dir='ltr'><strong>dosius</strong></span> <span class='ocrx_word' id='word_1_44' title='bbox 335 1530 479 1564; x_wconf 82' lang='lat' dir='ltr'><strong>excessurus</strong></span> <span class='ocrx_word' id='word_1_45' title='bbox 496 1516 562 1563; x_wconf 87' lang='lat' dir='ltr'><strong>esset</strong></span> <span class='ocrx_word' id='word_1_46' title='bbox 579 1528 594 1563; x_wconf 90' lang='lat' dir='ltr'><strong>e</strong></span> <span class='ocrx_word' id='word_1_47' title='bbox 609 1517 689 1564; x_wconf 87' lang='lat' dir='ltr'><strong>terris.</strong></span> <span class='ocrx_word' id='word_1_48' title='bbox 708 1518 762 1575; x_wconf 89' lang='lat' dir='ltr'><strong>lpsa</strong></span> <span class='ocrx_word' id='word_1_49' title='bbox 787 1517 905 1574; x_wconf 71' lang='lat' dir='ltr'><strong>gesimam</strong></span> <span class='ocrx_word' id='word_1_50' title='bbox 916 1517 1084 1575; x_wconf 77' lang='lat' dir='ltr'><strong>celebramus,</strong></span> <span class='ocrx_word' id='word_1_51' title='bbox 1098 1517 1237 1566; x_wconf 76' lang='lat' dir='ltr'><strong>adsistente</strong></span> <span class='ocrx_word' id='word_1_52' title='bbox 1248 1519 1317 1566; x_wconf 75' lang='lat' dir='ltr'><strong>ssent</strong></span> 
     </span>
     <span class='ocr_line' id='line_1_9' title="bbox 234 1585 1315 1645; baseline -0.001 -13"><span class='ocrx_word' id='word_1_53' title='bbox 234 1586 310 1644; x_wconf 78' lang='lat' dir='ltr'><strong>igitur</strong></span> <span class='ocrx_word' id='word_1_54' title='bbox 331 1598 460 1633; x_wconf 81' lang='lat' dir='ltr'><strong>excessum</strong></span> <span class='ocrx_word' id='word_1_55' title='bbox 471 1586 526 1642; x_wconf 80' lang='lat' dir='ltr'><strong>eius</strong></span> <span class='ocrx_word' id='word_1_56' title='bbox 538 1586 660 1632; x_wconf 83' lang='lat' dir='ltr'><strong>elementa</strong></span> <span class='ocrx_word' id='word_1_57' title='bbox 673 1597 762 1632; x_wconf 87' lang='lat' dir='ltr'><strong>moere·</strong></span> <span class='ocrx_word' id='word_1_58' title='bbox 787 1585 905 1632; x_wconf 84' lang='lat' dir='ltr'><strong>altaribus</strong></span> <span class='ocrx_word' id='word_1_59' title='bbox 915 1586 1023 1631; x_wconf 74' lang='lat' dir='ltr'><strong>Honorio</strong></span> <span class='ocrx_word' id='word_1_60' title='bbox 1034 1585 1161 1645; x_wconf 79' lang='lat' dir='ltr'><strong>principe3</strong></span> <span class='ocrx_word' id='word_1_61' title='bbox 1181 1587 1244 1644; x_wconf 76' lang='lat' dir='ltr'><strong>quia</strong></span> <span class='ocrx_word' id='word_1_62' title='bbox 1257 1585 1315 1632; x_wconf 69' lang='lat' dir='ltr'><strong>siem</strong></span> 
     </span>
     <span class='ocr_line' id='line_1_10' title="bbox 234 1653 1316 1714; baseline -0.002 -12"><span class='ocrx_word' id='word_1_63' title='bbox 234 1655 302 1702; x_wconf 87' lang='lat' dir='ltr'><strong>baut.</strong></span> <span class='ocrx_word' id='word_1_64' title='bbox 317 1656 410 1702; x_wconf 86' lang='lat' dir='ltr'><strong>coetum</strong></span> <span class='ocrx_word' id='word_1_65' title='bbox 427 1654 537 1703; x_wconf 88' lang='lat' dir='ltr'><strong>tenebris</strong></span> <span class='ocrx_word' id='word_1_66' title='bbox 555 1655 703 1714; x_wconf 88' lang='lat' dir='ltr'><strong>obduetum,</strong></span> <span class='ocrx_word' id='word_1_67' title='bbox 719 1667 762 1702; x_wconf 89' lang='lat' dir='ltr'><strong>aer</strong></span> <span class='ocrx_word' id='word_1_68' title='bbox 786 1655 886 1700; x_wconf 89' lang='lat' dir='ltr'><strong>sanctus</strong></span> <span class='ocrx_word' id='word_1_69' title='bbox 893 1655 984 1713; x_wconf 83' lang='lat' dir='ltr'><strong>loseph</strong></span> <span class='ocrx_word' id='word_1_70' title='bbox 994 1653 1058 1712; x_wconf 91' lang='lat' dir='ltr'><strong>patri</strong></span> <span class='ocrx_word' id='word_1_71' title='bbox 1075 1653 1206 1700; x_wconf 84' lang='lat' dir='ltr'><strong>snoiacob</strong></span> <span class='ocrx_word' id='word_1_72' title='bbox 1216 1654 1316 1713; x_wconf 82' lang='lat' dir='ltr'><strong>quadra·</strong></span> 
     </span>
     <span class='ocr_line' id='line_1_11' title="bbox 233 1720 1314 1784; baseline -0.006 -12"><span class='ocrx_word' id='word_1_73' title='bbox 233 1724 330 1784; x_wconf 79' lang='lat' dir='ltr'><strong>perpeti</strong></span> <span class='ocrx_word' id='word_1_74' title='bbox 342 1724 443 1771; x_wconf 88' lang='lat' dir='ltr'><strong>horrens</strong></span> <span class='ocrx_word' id='word_1_75' title='bbox 453 1722 572 1782; x_wconf 76' lang='lat' dir='ltr'><strong>caligine,</strong></span> <span class='ocrx_word' id='word_1_76' title='bbox 589 1724 656 1770; x_wconf 89' lang='lat' dir='ltr'><strong>terra</strong></span> <span class='ocrx_word' id='word_1_77' title='bbox 666 1724 763 1782; x_wconf 83' lang='lat' dir='ltr'><strong>quatie-</strong></span> <span class='ocrx_word' id='word_1_78' title='bbox 786 1721 855 1778; x_wconf 70' lang='lat' dir='ltr'><strong>rino</strong></span> <span class='ocrx_word' id='word_1_79' title='bbox 865 1722 953 1768; x_wconf 88' lang='lat' dir='ltr'><strong>dicbus</strong></span> <span class='ocrx_word' id='word_1_80' title='bbox 964 1722 1113 1769; x_wconf 80' lang='lat' dir='ltr'><strong>humationis</strong></span> <span class='ocrx_word' id='word_1_81' title='bbox 1128 1721 1212 1769; x_wconf 87' lang='lat' dir='ltr'><strong>ottieia</strong></span> <span class='ocrx_word' id='word_1_82' title='bbox 1220 1720 1314 1781; x_wconf 85' lang='lat' dir='ltr'><strong>detulit,</strong></span> 
     </span>
     <span class='ocr_line' id='line_1_12' title="bbox 234 1790 1315 1852; baseline -0.002 -13"><span class='ocrx_word' id='word_1_83' title='bbox 234 1794 306 1840; x_wconf 90' lang='lat' dir='ltr'><strong>batur</strong></span> <span class='ocrx_word' id='word_1_84' title='bbox 333 1793 452 1851; x_wconf 78' lang='lat' dir='ltr'><strong>motibru,</strong></span> <span class='ocrx_word' id='word_1_85' title='bbox 482 1791 625 1852; x_wconf 86' lang='lat' dir='ltr'><strong>replebatur</strong></span> <span class='ocrx_word' id='word_1_86' title='bbox 644 1804 762 1850; x_wconf 85' lang='lat' dir='ltr'><strong>aquarum</strong></span> <span class='ocrx_word' id='word_1_87' title='bbox 788 1790 821 1838; x_wconf 81' lang='lat' dir='ltr'><strong>ita</strong></span> <span class='ocrx_word' id='word_1_88' title='bbox 832 1791 858 1836; x_wconf 92' lang='lat' dir='ltr'><strong>et</strong></span> <span class='ocrx_word' id='word_1_89' title='bbox 868 1790 910 1836; x_wconf 91' lang='lat' dir='ltr'><strong>hic</strong></span> <span class='ocrx_word' id='word_1_90' title='bbox 920 1790 1057 1838; x_wconf 84' lang='lat' dir='ltr'><strong>&#39;lbeodosio</strong></span> <span class='ocrx_word' id='word_1_91' title='bbox 1068 1790 1132 1848; x_wconf 89' lang='lat' dir='ltr'><strong>patri</strong></span> <span class='ocrx_word' id='word_1_92' title='bbox 1148 1790 1217 1848; x_wconf 73' lang='lat' dir='ltr'><strong>insta</strong></span> <span class='ocrx_word' id='word_1_93' title='bbox 1228 1790 1315 1849; x_wconf 83' lang='lat' dir='ltr'><strong>persol-</strong></span> 
     </span>
     <span class='ocr_line' id='line_1_13' title="bbox 233 1859 1315 1920; baseline -0.004 -12"><span class='ocrx_word' id='word_1_94' title='bbox 233 1861 407 1909; x_wconf 78' lang='lat' dir='ltr'><strong>alluvionibus.</strong></span> <span class='ocrx_word' id='word_1_95' title='bbox 418 1861 510 1919; x_wconf 84' lang='lat' dir='ltr'><strong>Quidni</strong></span> <span class='ocrx_word' id='word_1_96' title='bbox 530 1860 635 1907; x_wconf 88' lang='lat' dir='ltr'><strong>mundus</strong></span> <span class='ocrx_word' id='word_1_97' title='bbox 649 1860 702 1918; x_wconf 90' lang='lat' dir='ltr'><strong>ipse</strong></span> <span class='ocrx_word' id='word_1_98' title='bbox 717 1859 763 1906; x_wconf 89' lang='lat' dir='ltr'><strong>de·</strong></span> <span class='ocrx_word' id='word_1_99' title='bbox 786 1861 833 1907; x_wconf 90' lang='lat' dir='ltr'><strong>vit.</strong></span> <span class='ocrx_word' id='word_1_100' title='bbox 844 1860 876 1906; x_wconf 83' lang='lat' dir='ltr'><strong>nt</strong></span> <span class='ocrx_word' id='word_1_101' title='bbox 884 1861 943 1920; x_wconf 87' lang='lat' dir='ltr'><strong>quia</strong></span> <span class='ocrx_word' id='word_1_102' title='bbox 954 1860 997 1905; x_wconf 86' lang='lat' dir='ltr'><strong>alii</strong></span> <span class='ocrx_word' id='word_1_103' title='bbox 1005 1859 1108 1906; x_wconf 82' lang='lat' dir='ltr'><strong>tertiam</strong></span> <span class='ocrx_word' id='word_1_104' title='bbox 1124 1859 1195 1905; x_wconf 91' lang='lat' dir='ltr'><strong>diem</strong></span> <span class='ocrx_word' id='word_1_105' title='bbox 1207 1859 1234 1907; x_wconf 87' lang='lat' dir='ltr'><strong>et</strong></span> <span class='ocrx_word' id='word_1_106' title='bbox 1245 1859 1315 1919; x_wconf 69' lang='lat' dir='ltr'><strong>trire-</strong></span> 
     </span>
     <span class='ocr_line' id='line_1_14' title="bbox 233 1927 1317 1990; baseline -0.001 -14"><span class='ocrx_word' id='word_1_107' title='bbox 233 1931 306 1978; x_wconf 85' lang='lat' dir='ltr'><strong>fleret</strong></span> <span class='ocrx_word' id='word_1_108' title='bbox 316 1943 372 1977; x_wconf 86' lang='lat' dir='ltr'><strong>eum</strong></span> <span class='ocrx_word' id='word_1_109' title='bbox 383 1930 520 1990; x_wconf 88' lang='lat' dir='ltr'><strong>principem</strong></span> <span class='ocrx_word' id='word_1_110' title='bbox 528 1930 646 1976; x_wconf 86' lang='lat' dir='ltr'><strong>contiuno</strong></span> <span class='ocrx_word' id='word_1_111' title='bbox 657 1940 712 1975; x_wconf 89' lang='lat' dir='ltr'><strong>esse</strong></span> <span class='ocrx_word' id='word_1_112' title='bbox 721 1941 762 1975; x_wconf 89' lang='lat' dir='ltr'><strong>ra-</strong></span> <span class='ocrx_word' id='word_1_113' title='bbox 786 1928 891 1987; x_wconf 85' lang='lat' dir='ltr'><strong>simum,</strong></span> <span class='ocrx_word' id='word_1_114' title='bbox 907 1929 949 1974; x_wconf 88' lang='lat' dir='ltr'><strong>alii</strong></span> <span class='ocrx_word' id='word_1_115' title='bbox 968 1928 1100 1987; x_wconf 84' lang='lat' dir='ltr'><strong>septimum</strong></span> <span class='ocrx_word' id='word_1_116' title='bbox 1119 1928 1147 1974; x_wconf 88' lang='lat' dir='ltr'><strong>et</strong></span> <span class='ocrx_word' id='word_1_117' title='bbox 1162 1927 1317 1987; x_wconf 64' lang='lat' dir='ltr'><strong>quadragesi·</strong></span> 
     </span>
     <span class='ocr_line' id='line_1_15' title="bbox 233 1995 1316 2058; baseline -0.003 -13"><span class='ocrx_word' id='word_1_118' title='bbox 233 1999 504 2058; x_wconf 85' lang='lat' dir='ltr'><strong>piendum,perquem</strong></span> <span class='ocrx_word' id='word_1_119' title='bbox 517 1997 578 2044; x_wconf 79' lang='lat' dir='ltr'><strong>dura</strong></span> <span class='ocrx_word' id='word_1_120' title='bbox 590 1995 676 2042; x_wconf 86' lang='lat' dir='ltr'><strong>mundi</strong></span> <span class='ocrx_word' id='word_1_121' title='bbox 690 1996 762 2043; x_wconf 88' lang='lat' dir='ltr'><strong>istius</strong></span> <span class='ocrx_word' id='word_1_122' title='bbox 786 2011 854 2045; x_wconf 89' lang='lat' dir='ltr'><strong>mum</strong></span> <span class='ocrx_word' id='word_1_123' title='bbox 882 1997 1012 2044; x_wconf 83' lang='lat' dir='ltr'><strong>observare</strong></span> <span class='ocrx_word' id='word_1_124' title='bbox 1040 1996 1244 2055; x_wconf 87' lang='lat' dir='ltr'><strong>consueverunt,</strong></span> <span class='ocrx_word' id='word_1_125' title='bbox 1263 1996 1316 2056; x_wconf 81' lang='lat' dir='ltr'><strong>qnid</strong></span> 
     </span>
     <span class='ocr_line' id='line_1_16' title="bbox 231 2063 1315 2130; baseline -0.005 -14"><span class='ocrx_word' id='word_1_126' title='bbox 231 2071 365 2130; x_wconf 86' lang='lat' dir='ltr'><strong>temperari</strong></span> <span class='ocrx_word' id='word_1_127' title='bbox 375 2068 494 2128; x_wconf 85' lang='lat' dir='ltr'><strong>solerent3</strong></span> <span class='ocrx_word' id='word_1_128' title='bbox 504 2080 560 2114; x_wconf 89' lang='lat' dir='ltr'><strong>enm</strong></span> <span class='ocrx_word' id='word_1_129' title='bbox 569 2067 701 2114; x_wconf 87' lang='lat' dir='ltr'><strong>criminum</strong></span> <span class='ocrx_word' id='word_1_130' title='bbox 708 2078 762 2125; x_wconf 84' lang='lat' dir='ltr'><strong>poe-</strong></span> <span class='ocrx_word' id='word_1_131' title='bbox 786 2065 872 2113; x_wconf 82' lang='lat' dir='ltr'><strong>doceat</strong></span> <span class='ocrx_word' id='word_1_132' title='bbox 889 2066 977 2125; x_wconf 89' lang='lat' dir='ltr'><strong>lectio,</strong></span> <span class='ocrx_word' id='word_1_133' title='bbox 988 2064 1181 2112; x_wconf 85' lang='lat' dir='ltr'><strong>consideremus.</strong></span> <span class='ocrx_word' id='word_1_134' title='bbox 1194 2063 1315 2112; x_wconf 73' lang='lat' dir='ltr'><strong>Mundo</strong></span> 
     </span>
     <span class='ocr_line' id='line_1_17' title="bbox 231 2132 1316 2197; baseline -0.006 -12"><span class='ocrx_word' id='word_1_135' title='bbox 231 2150 276 2186; x_wconf 82' lang='lat' dir='ltr'><strong>nas</strong></span> <span class='ocrx_word' id='word_1_136' title='bbox 291 2136 442 2197; x_wconf 75' lang='lat' dir='ltr'><strong>indulgentia</strong></span> <span class='ocrx_word' id='word_1_137' title='bbox 455 2135 612 2196; x_wconf 70' lang='lat' dir='ltr'><strong>preveniret.</strong></span> <span class='ocrx_word' id='word_1_138' title='bbox 786 2134 870 2194; x_wconf 85' lang='lat' dir='ltr'><strong>itaque</strong></span> <span class='ocrx_word' id='word_1_139' title='bbox 886 2133 975 2192; x_wconf 83' lang='lat' dir='ltr'><strong>Jacob,</strong></span> <span class='ocrx_word' id='word_1_140' title='bbox 988 2135 1112 2192; x_wconf 78' lang='lat' dir='ltr'><strong>precepit,</strong></span> <span class='ocrx_word' id='word_1_141' title='bbox 1128 2132 1228 2192; x_wconf 79' lang='lat' dir='ltr'><strong>inquit,</strong></span> <span class='ocrx_word' id='word_1_142' title='bbox 1238 2132 1316 2193; x_wconf 69' lang='lat' dir='ltr'><strong>roupi</strong></span> 
     </span>
    </p>

    <p class='ocr_par' dir='ltr' id='par_1_5' title="bbox 230 2201 1319 3088">
     <span class='ocr_line' id='line_1_18' title="bbox 262 2201 1317 2267; baseline -0.007 -13"><span class='ocrx_word' id='word_1_143' title='bbox 262 2208 287 2254; x_wconf 77' lang='lat'><strong>2.</strong></span> <span class='ocrx_word' id='word_1_144' title='bbox 298 2208 328 2256; x_wconf 84' lang='lat' dir='ltr'><strong>ct</strong></span> <span class='ocrx_word' id='word_1_145' title='bbox 345 2209 389 2254; x_wconf 91' lang='lat' dir='ltr'><strong>ille</strong></span> <span class='ocrx_word' id='word_1_146' title='bbox 399 2206 499 2267; x_wconf 87' lang='lat' dir='ltr'><strong>quidem</strong></span> <span class='ocrx_word' id='word_1_147' title='bbox 518 2205 579 2251; x_wconf 89' lang='lat' dir='ltr'><strong>abiit</strong></span> <span class='ocrx_word' id='word_1_148' title='bbox 587 2204 701 2264; x_wconf 82' lang='lat' dir='ltr'><strong>accipere</strong></span> <span class='ocrx_word' id='word_1_149' title='bbox 711 2204 759 2251; x_wconf 88' lang='lat' dir='ltr'><strong>sibi</strong></span> <span class='ocrx_word' id='word_1_150' title='bbox 784 2205 862 2261; x_wconf 69' lang='lat' dir='ltr'><strong>pneris</strong></span> <span class='ocrx_word' id='word_1_151' title='bbox 871 2202 1036 2262; x_wconf 76' lang='lat' dir='ltr'><strong>sepultoribus,</strong></span> <span class='ocrx_word' id='word_1_152' title='bbox 1044 2204 1070 2248; x_wconf 81' lang='lat' dir='ltr'><strong>ot</strong></span> <span class='ocrx_word' id='word_1_153' title='bbox 1080 2201 1204 2260; x_wconf 75' lang='lat' dir='ltr'><strong>sepelirent</strong></span> <span class='ocrx_word' id='word_1_154' title='bbox 1215 2215 1280 2249; x_wconf 69' lang='lat' dir='ltr'><strong>eom.</strong></span> <span class='ocrx_word' id='word_1_155' title='bbox 1288 2201 1317 2247; x_wconf 73' lang='lat' dir='ltr'><strong>El</strong></span> 
     </span>
     <span class='ocr_line' id='line_1_19' title="bbox 232 2271 1316 2336; baseline -0.005 -13"><span class='ocrx_word' id='word_1_156' title='bbox 232 2288 350 2336; x_wconf 69' lang='lat' dir='ltr'><strong>regnum,</strong></span> <span class='ocrx_word' id='word_1_157' title='bbox 369 2275 434 2335; x_wconf 87' lang='lat' dir='ltr'><strong>quod</strong></span> <span class='ocrx_word' id='word_1_158' title='bbox 445 2287 493 2320; x_wconf 89' lang='lat' dir='ltr'><strong>nou</strong></span> <span class='ocrx_word' id='word_1_159' title='bbox 505 2272 632 2330; x_wconf 84' lang='lat' dir='ltr'><strong>deposuit,</strong></span> <span class='ocrx_word' id='word_1_160' title='bbox 650 2272 693 2319; x_wconf 88' lang='lat' dir='ltr'><strong>sed</strong></span> <span class='ocrx_word' id='word_1_161' title='bbox 705 2285 761 2319; x_wconf 91' lang='lat' dir='ltr'><strong>mn·</strong></span> <span class='ocrx_word' id='word_1_162' title='bbox 784 2273 920 2330; x_wconf 77' lang='lat' dir='ltr'><strong>sepelierunt</strong></span> <span class='ocrx_word' id='word_1_163' title='bbox 940 2272 1065 2330; x_wconf 77' lang='lat' dir='ltr'><strong>sepultores</strong></span> <span class='ocrx_word' id='word_1_164' title='bbox 1088 2271 1178 2327; x_wconf 82' lang='lat' dir='ltr'><strong>isreel,</strong></span> <span class='ocrx_word' id='word_1_165' title='bbox 1197 2273 1221 2318; x_wconf 87' lang='lat' dir='ltr'><strong>et</strong></span> <span class='ocrx_word' id='word_1_166' title='bbox 1240 2271 1316 2330; x_wconf 82' lang='lat' dir='ltr'><strong>repleti</strong></span> 
     </span>
     <span class='ocr_line' id='line_1_20' title="bbox 232 2340 1318 2401; baseline -0.004 -11"><span class='ocrx_word' id='word_1_167' title='bbox 232 2344 345 2401; x_wconf 85' lang='lat' dir='ltr'><strong>tavit,in</strong></span> <span class='ocrx_word' id='word_1_168' title='bbox 355 2340 761 2400; x_wconf 82' lang='lat' dir='ltr'><strong>tabernaculacbristijurepieta·</strong></span> <span class='ocrx_word' id='word_1_169' title='bbox 785 2341 1030 2400; x_wconf 78' lang='lat' dir='ltr'><strong>enrrteipsodropiuto</strong></span> <span class='ocrx_word' id='word_1_170' title='bbox 1037 2340 1318 2397; x_wconf 69' lang='lat' dir='ltr'><strong>dies5deeoimdinrene·</strong></span> 
     </span>
     <span class='ocr_line' id='line_1_21' title="bbox 231 2407 1317 2470; baseline -0.002 -12"><span class='ocrx_word' id='word_1_171' title='bbox 231 2413 265 2459; x_wconf 88' lang='lat' dir='ltr'><strong>tis</strong></span> <span class='ocrx_word' id='word_1_172' title='bbox 279 2411 400 2470; x_wconf 83' lang='lat' dir='ltr'><strong>adscitus,</strong></span> <span class='ocrx_word' id='word_1_173' title='bbox 417 2409 444 2455; x_wconf 88' lang='lat' dir='ltr'><strong>in</strong></span> <span class='ocrx_word' id='word_1_174' title='bbox 461 2410 530 2454; x_wconf 89' lang='lat' dir='ltr'><strong>illam</strong></span> <span class='ocrx_word' id='word_1_175' title='bbox 548 2407 701 2454; x_wconf 79' lang='lat' dir='ltr'><strong>Hierusalem</strong></span> <span class='ocrx_word' id='word_1_176' title='bbox 719 2422 761 2455; x_wconf 91' lang='lat' dir='ltr'><strong>sn·</strong></span> <span class='ocrx_word' id='word_1_177' title='bbox 785 2408 1229 2467; x_wconf 76' lang='lat' dir='ltr'><strong>rontnrdiessepnltnroe.Etlecilenm</strong></span> <span class='ocrx_word' id='word_1_178' title='bbox 1235 2411 1317 2469; x_wconf 73' lang='lat' dir='ltr'><strong>AEpyp·</strong></span> 
     </span>
     <span class='ocr_line' id='line_1_22' title="bbox 231 2475 1319 2537; baseline -0.002 -13"><span class='ocrx_word' id='word_1_179' title='bbox 231 2477 401 2537; x_wconf 88' lang='lat' dir='ltr'><strong>pernam,ubi</strong></span> <span class='ocrx_word' id='word_1_180' title='bbox 419 2488 484 2523; x_wconf 89' lang='lat' dir='ltr'><strong>nuuc</strong></span> <span class='ocrx_word' id='word_1_181' title='bbox 499 2475 592 2534; x_wconf 85' lang='lat' dir='ltr'><strong>positus</strong></span> <span class='ocrx_word' id='word_1_182' title='bbox 610 2475 760 2522; x_wconf 75' lang='lat' dir='ltr'><strong>dicitesr&#39;cnt</strong></span> <span class='ocrx_word' id='word_1_183' title='bbox 786 2475 1319 2537; x_wconf 69' lang='lat' dir='ltr'><strong>tusseptsopinlodiebosllaecergosequen·</strong></span> 
     </span>
     <span class='ocr_line' id='line_1_23' title="bbox 232 2544 1318 2605; baseline 0.001 -12"><span class='ocrx_word' id='word_1_184' title='bbox 232 2547 376 2602; x_wconf 79' lang='lat' dir='ltr'><strong>oudtoimer,</strong></span> <span class='ocrx_word' id='word_1_185' title='bbox 387 2546 421 2591; x_wconf 88' lang='lat' dir='ltr'><strong>ito</strong></span> <span class='ocrx_word' id='word_1_186' title='bbox 431 2545 563 2591; x_wconf 81' lang='lat' dir='ltr'><strong>etoidemue</strong></span> <span class='ocrx_word' id='word_1_187' title='bbox 574 2544 697 2590; x_wconf 76' lang='lat' dir='ltr'><strong>incivitate</strong></span> <span class='ocrx_word' id='word_1_188' title='bbox 710 2547 761 2591; x_wconf 85' lang='lat' dir='ltr'><strong>Do-</strong></span> <span class='ocrx_word' id='word_1_189' title='bbox 786 2546 815 2592; x_wconf 85' lang='lat' dir='ltr'><strong>da</strong></span> <span class='ocrx_word' id='word_1_190' title='bbox 827 2547 982 2605; x_wconf 89' lang='lat' dir='ltr'><strong>solemnitas,</strong></span> <span class='ocrx_word' id='word_1_191' title='bbox 992 2558 1066 2605; x_wconf 88' lang='lat' dir='ltr'><strong>quam</strong></span> <span class='ocrx_word' id='word_1_192' title='bbox 1081 2544 1225 2604; x_wconf 76' lang='lat' dir='ltr'><strong>prescribit</strong></span> <span class='ocrx_word' id='word_1_193' title='bbox 1240 2545 1318 2594; x_wconf 83' lang='lat' dir='ltr'><strong>lectio.</strong></span> 
     </span>
     <span class='ocr_line' id='line_1_24' title="bbox 232 2613 1318 2672; baseline -0.002 -11"><span class='ocrx_word' id='word_1_194' title='bbox 232 2613 760 2671; x_wconf 61' lang='lat' dir='ltr'><strong>miaioirtctumineieitctelieinostriquecm</strong></span> <span class='ocrx_word' id='word_1_195' title='bbox 785 2614 834 2661; x_wconf 92' lang='lat' dir='ltr'><strong>Sed</strong></span> <span class='ocrx_word' id='word_1_196' title='bbox 852 2615 928 2662; x_wconf 86' lang='lat' dir='ltr'><strong>etiarn</strong></span> <span class='ocrx_word' id='word_1_197' title='bbox 943 2615 970 2661; x_wconf 92' lang='lat' dir='ltr'><strong>in</strong></span> <span class='ocrx_word' id='word_1_198' title='bbox 988 2613 1181 2661; x_wconf 86' lang='lat' dir='ltr'><strong>Deuteronomio</strong></span> <span class='ocrx_word' id='word_1_199' title='bbox 1204 2613 1318 2672; x_wconf 77' lang='lat' dir='ltr'><strong>seriptum</strong></span> 
     </span>
     <span class='ocr_line' id='line_1_25' title="bbox 230 2681 1316 2743; baseline -0.004 -11"><span class='ocrx_word' id='word_1_200' title='bbox 230 2686 294 2732; x_wconf 84' lang='lat' dir='ltr'><strong>Deus</strong></span> <span class='ocrx_word' id='word_1_201' title='bbox 304 2685 569 2743; x_wconf 71' lang='lat' dir='ltr'><strong>tondooitinoelernom.</strong></span> <span class='ocrx_word' id='word_1_202' title='bbox 584 2681 633 2729; x_wconf 85' lang='lat' dir='ltr'><strong>Sed</strong></span> <span class='ocrx_word' id='word_1_203' title='bbox 643 2682 761 2740; x_wconf 90' lang='lat' dir='ltr'><strong>plurimos</strong></span> <span class='ocrx_word' id='word_1_204' title='bbox 786 2682 823 2729; x_wconf 89' lang='lat' dir='ltr'><strong>est</strong></span> <span class='ocrx_word' id='word_1_205' title='bbox 834 2697 841 2729; x_wconf 73' lang='grc' dir='ltr'><strong>ε</strong></span> <span class='ocrx_word' id='word_1_206' title='bbox 854 2685 913 2743; x_wconf 84' lang='lat' dir='ltr'><strong>Quia</strong></span> <span class='ocrx_word' id='word_1_207' title='bbox 930 2684 1074 2743; x_wconf 55' lang='lat' dir='ltr'><strong>umboni</strong></span> <span class='ocrx_word' id='word_1_208' title='bbox 1083 2682 1127 2739; x_wconf 78' lang='lat' dir='ltr'><strong>filii</strong></span> <span class='ocrx_word' id='word_1_209' title='bbox 1137 2681 1213 2728; x_wconf 78' lang='lat' dir='ltr'><strong>isreel</strong></span> <span class='ocrx_word' id='word_1_210' title='bbox 1225 2682 1316 2740; x_wconf 63' lang='lat' dir='ltr'><strong>neree</strong></span> 
     </span>
     <span class='ocr_line' id='line_1_26' title="bbox 230 2751 1319 2812; baseline -0.001 -14"><span class='ocrx_word' id='word_1_211' title='bbox 230 2753 355 2812; x_wconf 86' lang='lat' dir='ltr'><strong>tamquam</strong></span> <span class='ocrx_word' id='word_1_212' title='bbox 376 2752 479 2812; x_wconf 87' lang='lat' dir='ltr'><strong>paterno</strong></span> <span class='ocrx_word' id='word_1_213' title='bbox 501 2752 631 2799; x_wconf 85' lang='lat' dir='ltr'><strong>destitutos</strong></span> <span class='ocrx_word' id='word_1_214' title='bbox 645 2751 760 2810; x_wconf 78' lang='lat' dir='ltr'><strong>presidio</strong></span> <span class='ocrx_word' id='word_1_215' title='bbox 785 2753 864 2800; x_wconf 81' lang='lat' dir='ltr'><strong>diebus</strong></span> <span class='ocrx_word' id='word_1_216' title='bbox 874 2754 983 2812; x_wconf 77' lang='lat' dir='ltr'><strong>triptota,</strong></span> <span class='ocrx_word' id='word_1_217' title='bbox 998 2754 1021 2799; x_wconf 91' lang='lat' dir='ltr'><strong>et</strong></span> <span class='ocrx_word' id='word_1_218' title='bbox 1037 2752 1195 2798; x_wconf 69' lang='lat' dir='ltr'><strong>consummate·</strong></span> <span class='ocrx_word' id='word_1_219' title='bbox 1210 2751 1319 2798; x_wconf 70' lang='lat' dir='ltr'><strong>medies</strong></span> 
     </span>
     <span class='ocr_line' id='line_1_27' title="bbox 231 2817 1319 2882; baseline -0.002 -16"><span class='ocrx_word' id='word_1_220' title='bbox 231 2820 377 2882; x_wconf 79' lang='lat' dir='ltr'><strong>dereliquit,</strong></span> <span class='ocrx_word' id='word_1_221' title='bbox 397 2832 425 2867; x_wconf 86' lang='lat' dir='ltr'><strong>ae</strong></span> <span class='ocrx_word' id='word_1_222' title='bbox 442 2820 598 2879; x_wconf 87' lang='lat' dir='ltr'><strong>potissimum</strong></span> <span class='ocrx_word' id='word_1_223' title='bbox 616 2819 689 2865; x_wconf 86' lang='lat' dir='ltr'><strong>tilios.</strong></span> <span class='ocrx_word' id='word_1_224' title='bbox 712 2817 760 2866; x_wconf 86' lang='lat' dir='ltr'><strong>Sed</strong></span> <span class='ocrx_word' id='word_1_225' title='bbox 785 2825 867 2871; x_wconf 74' lang='lat' dir='ltr'><strong>luetur.</strong></span> <span class='ocrx_word' id='word_1_226' title='bbox 883 2823 990 2881; x_wconf 80' lang='lat' dir='ltr'><strong>Utraque</strong></span> <span class='ocrx_word' id='word_1_227' title='bbox 1012 2832 1070 2878; x_wconf 73' lang='lat' dir='ltr'><strong>ergo</strong></span> <span class='ocrx_word' id='word_1_228' title='bbox 1085 2818 1229 2866; x_wconf 89' lang='lat' dir='ltr'><strong>observatio</strong></span> <span class='ocrx_word' id='word_1_229' title='bbox 1247 2818 1319 2867; x_wconf 78' lang='lat' dir='ltr'><strong>babel</strong></span> 
     </span>
     <span class='ocr_line' id='line_1_28' title="bbox 231 2885 1316 2950; baseline -0.002 -14"><span class='ocrx_word' id='word_1_230' title='bbox 231 2900 280 2936; x_wconf 92' lang='lat' dir='ltr'><strong>non</strong></span> <span class='ocrx_word' id='word_1_231' title='bbox 301 2890 358 2937; x_wconf 89' lang='lat' dir='ltr'><strong>suut</strong></span> <span class='ocrx_word' id='word_1_232' title='bbox 372 2889 497 2948; x_wconf 88' lang='lat' dir='ltr'><strong>destituti,</strong></span> <span class='ocrx_word' id='word_1_233' title='bbox 511 2899 572 2948; x_wconf 91' lang='lat' dir='ltr'><strong>quos</strong></span> <span class='ocrx_word' id='word_1_234' title='bbox 592 2886 692 2946; x_wconf 86' lang='lat' dir='ltr'><strong>pietatis</strong></span> <span class='ocrx_word' id='word_1_235' title='bbox 709 2900 760 2934; x_wconf 82' lang='lat' dir='ltr'><strong>suae</strong></span> <span class='ocrx_word' id='word_1_236' title='bbox 785 2887 1213 2950; x_wconf 83' lang='lat' dir='ltr'><strong>anctoritatem3quianeeessarium</strong></span> <span class='ocrx_word' id='word_1_237' title='bbox 1220 2885 1316 2948; x_wconf 84' lang='lat' dir='ltr'><strong>pietatis</strong></span> 
     </span>
     <span class='ocr_line' id='line_1_29' title="bbox 230 2955 1036 3019; baseline 0.001 -15"><span class='ocrx_word' id='word_1_238' title='bbox 230 2959 330 3019; x_wconf 88' lang='lat' dir='ltr'><strong>reliquit</strong></span> <span class='ocrx_word' id='word_1_239' title='bbox 348 2958 476 3006; x_wconf 81' lang='lat' dir='ltr'><strong>haeredes:</strong></span> <span class='ocrx_word' id='word_1_240' title='bbox 488 2967 538 3003; x_wconf 89' lang='lat' dir='ltr'><strong>nou</strong></span> <span class='ocrx_word' id='word_1_241' title='bbox 553 2957 611 3003; x_wconf 90' lang='lat' dir='ltr'><strong>suut</strong></span> <span class='ocrx_word' id='word_1_242' title='bbox 629 2955 759 3015; x_wconf 85' lang='lat' dir='ltr'><strong>destituti,</strong></span> <span class='ocrx_word' id='word_1_243' title='bbox 785 2959 904 3017; x_wconf 88' lang='lat' dir='ltr'><strong>impletur</strong></span> <span class='ocrx_word' id='word_1_244' title='bbox 926 2958 1036 3005; x_wconf 87' lang='lat' dir='ltr'><strong>ottieium</strong></span> 
     </span>
     <span class='ocr_line' id='line_1_30' title="bbox 230 3023 1317 3088; baseline -0.005 -15"><span class='ocrx_word' id='word_1_245' title='bbox 230 3027 319 3088; x_wconf 87' lang='lat' dir='ltr'><strong>quibus</strong></span> <span class='ocrx_word' id='word_1_246' title='bbox 339 3028 430 3075; x_wconf 82' lang='lat' dir='ltr'><strong>Christi</strong></span> <span class='ocrx_word' id='word_1_247' title='bbox 449 3026 583 3086; x_wconf 79' lang='lat' dir='ltr'><strong>adquisivit</strong></span> <span class='ocrx_word' id='word_1_248' title='bbox 600 3025 718 3083; x_wconf 78' lang='lat' dir='ltr'><strong>gratiam,</strong></span> <span class='ocrx_word' id='word_1_249' title='bbox 735 3024 761 3070; x_wconf 90' lang='lat' dir='ltr'><strong>et</strong></span> <span class='ocrx_word' id='word_1_250' title='bbox 815 3026 840 3074; x_wconf 82' lang='lat' dir='ltr'><strong>b.</strong></span> <span class='ocrx_word' id='word_1_251' title='bbox 849 3029 929 3074; x_wconf 87' lang='lat' dir='ltr'><strong>Bonus</strong></span> <span class='ocrx_word' id='word_1_252' title='bbox 945 3026 1029 3084; x_wconf 86' lang='lat' dir='ltr'><strong>itaque</strong></span> <span class='ocrx_word' id='word_1_253' title='bbox 1039 3023 1145 3083; x_wconf 86' lang='lat' dir='ltr'><strong>loseph,</strong></span> <span class='ocrx_word' id='word_1_254' title='bbox 1162 3023 1207 3084; x_wconf 81' lang='lat' dir='ltr'><strong>qni</strong></span> <span class='ocrx_word' id='word_1_255' title='bbox 1216 3023 1317 3071; x_wconf 78' lang='lat' dir='ltr'><strong>lornant</strong></span> 
     </span>
    </p>
   </div>
   <div class='ocr_carea' id='block_1_5' title="bbox 230 3091 1316 3156">
    <p class='ocr_par' dir='ltr' id='par_1_6' title="bbox 230 3091 1316 3156">
     <span class='ocr_line' id='line_1_31' title="bbox 230 3091 1316 3156; baseline -0.004 -12"><span class='ocrx_word' id='word_1_256' title='bbox 230 3097 354 3144; x_wconf 81' lang='lat' dir='ltr'><strong>exereitus</strong></span> <span class='ocrx_word' id='word_1_257' title='bbox 370 3093 478 3152; x_wconf 79' lang='lat' dir='ltr'><strong>fidem”,</strong></span> <span class='ocrx_word' id='word_1_258' title='bbox 493 3094 535 3142; x_wconf 90' lang='lat' dir='ltr'><strong>eui</strong></span> <span class='ocrx_word' id='word_1_259' title='bbox 551 3093 697 3140; x_wconf 87' lang='lat' dir='ltr'><strong>documento</strong></span> <span class='ocrx_word' id='word_1_260' title='bbox 712 3091 761 3140; x_wconf 86' lang='lat' dir='ltr'><strong>fnit</strong></span> <span class='ocrx_word' id='word_1_261' title='bbox 785 3096 932 3156; x_wconf 89' lang='lat' dir='ltr'><strong>piomnneri</strong></span> <span class='ocrx_word' id='word_1_262' title='bbox 944 3094 1028 3151; x_wconf 83' lang='lat' dir='ltr'><strong>dedit,</strong></span> <span class='ocrx_word' id='word_1_263' title='bbox 1038 3093 1222 3153; x_wconf 76' lang='lat' dir='ltr'><strong>quemamabat</strong></span> <span class='ocrx_word' id='word_1_264' title='bbox 1232 3093 1316 3152; x_wconf 82' lang='lat' dir='ltr'><strong>pater,</strong></span> 
     </span>
    </p>
   </div>
   <div class='ocr_carea' id='block_1_6' title="bbox 785 3160 1320 3223">
    <p class='ocr_par' dir='ltr' id='par_1_7' title="bbox 785 3160 1320 3223">
     <span class='ocr_line' id='line_1_32' title="bbox 785 3160 1320 3223; baseline -0.009 -12"><span class='ocrx_word' id='word_1_265' title='bbox 785 3166 873 3223; x_wconf 89' lang='lat' dir='ltr'><strong>cuique</strong></span> <span class='ocrx_word' id='word_1_266' title='bbox 885 3164 967 3210; x_wconf 85' lang='lat' dir='ltr'><strong>dixit:</strong></span> <span class='ocrx_word' id='word_1_267' title='bbox 979 3164 1077 3221; x_wconf 78' lang='lat' dir='ltr'><strong>Adjoeet</strong></span> <span class='ocrx_word' id='word_1_268' title='bbox 1093 3165 1114 3208; x_wconf 91' lang='lat' dir='ltr'><strong>te</strong></span> <span class='ocrx_word' id='word_1_269' title='bbox 1125 3164 1189 3209; x_wconf 81' lang='lat' dir='ltr'><strong>Deus</strong></span> <span class='ocrx_word' id='word_1_270' title='bbox 1205 3174 1285 3216; x_wconf 82' lang='lat' dir='ltr'><strong>mooe,</strong></span> <span class='ocrx_word' id='word_1_271' title='bbox 1299 3160 1320 3206; x_wconf 86' lang='lat' dir='ltr'><strong>et</strong></span> 
     </span>
    </p>
   </div>
   <div class='ocr_carea' id='block_1_7' title="bbox 230 3213 1317 3315">
    <p class='ocr_par' dir='ltr' id='par_1_8' title="bbox 230 3213 1317 3315">
     <span class='ocr_line' id='line_1_33' title="bbox 230 3213 1317 3315; baseline -0.006 -34"><span class='ocrx_word' id='word_1_272' title='bbox 230 3215 526 3312; x_wconf 51' lang='lat' dir='ltr'><strong>Mgggffioffiffffgffi</strong></span> <span class='ocrx_word' id='word_1_273' title='bbox 535 3213 760 3315; x_wconf 53' lang='lat' dir='ltr'><strong>ffiffssfflffl</strong></span> <span class='ocrx_word' id='word_1_274' title='bbox 786 3235 902 3282; x_wconf 71' lang='lat' dir='ltr'><strong>emerem</strong></span> <span class='ocrx_word' id='word_1_275' title='bbox 921 3232 1195 3281; x_wconf 59' lang='lat' dir='ltr'><strong>tenerescentium</strong></span> <span class='ocrx_word' id='word_1_276' title='bbox 1214 3229 1317 3277; x_wconf 68' lang='lat' dir='ltr'><strong>omniu</strong></span> 
     </span>
    </p>
   </div>
   <div class='ocr_carea' id='block_1_8' title="bbox 230 3297 1320 3428">
    <p class='ocr_par' dir='ltr' id='par_1_9' title="bbox 230 3297 1320 3428">
     <span class='ocr_line' id='line_1_34' title="bbox 230 3297 1320 3366; baseline 0 -7"><span class='ocrx_word' id='word_1_277' title='bbox 230 3321 319 3359; x_wconf 84' lang='lat' dir='ltr'><strong>atteclus</strong></span> <span class='ocrx_word' id='word_1_278' title='bbox 335 3321 412 3359; x_wconf 86' lang='lat' dir='ltr'><strong>morbo</strong></span> <span class='ocrx_word' id='word_1_279' title='bbox 429 3331 455 3358; x_wconf 86' lang='lat' dir='ltr'><strong>ex</strong></span> <span class='ocrx_word' id='word_1_280' title='bbox 469 3321 551 3358; x_wconf 87' lang='lat' dir='ltr'><strong>oriente</strong></span> <span class='ocrx_word' id='word_1_281' title='bbox 568 3321 594 3357; x_wconf 84' lang='lat' dir='ltr'><strong>ad</strong></span> <span class='ocrx_word' id='word_1_282' title='bbox 606 3331 626 3357; x_wconf 90' lang='lat' dir='ltr'><strong>se</strong></span> <span class='ocrx_word' id='word_1_283' title='bbox 642 3321 759 3366; x_wconf 84' lang='lat' dir='ltr'><strong>acciverat,</strong></span> <span class='ocrx_word' id='word_1_284' title='bbox 785 3304 878 3359; x_wconf 58' lang='lat' dir='ltr'><strong>muniar</strong></span> <span class='ocrx_word' id='word_1_285' title='bbox 888 3303 982 3362; x_wconf 57' lang='lat' dir='ltr'><strong>WP&#39;W</strong></span> <span class='ocrx_word' id='word_1_286' title='bbox 991 3301 1188 3365; x_wconf 46' lang='lat' dir='ltr'><strong>*bemmumffi</strong></span> <span class='ocrx_word' id='word_1_287' title='bbox 1200 3297 1320 3344; x_wconf 57' lang='lat' dir='ltr'><strong>mmm*</strong></span> 
     </span>
     <span class='ocr_line' id='line_1_35' title="bbox 230 3367 1318 3428; baseline -0.001 -16"><span class='ocrx_word' id='word_1_288' title='bbox 230 3384 307 3422; x_wconf 89' lang='lat' dir='ltr'><strong>corpus</strong></span> <span class='ocrx_word' id='word_1_289' title='bbox 314 3375 372 3412; x_wconf 87' lang='lat' dir='ltr'><strong>illius</strong></span> <span class='ocrx_word' id='word_1_290' title='bbox 380 3374 583 3422; x_wconf 84' lang='lat' dir='ltr'><strong>Constantinopolim</strong></span> <span class='ocrx_word' id='word_1_291' title='bbox 596 3374 674 3412; x_wconf 82' lang='lat' dir='ltr'><strong>referri</strong></span> <span class='ocrx_word' id='word_1_292' title='bbox 684 3375 761 3412; x_wconf 86' lang='lat' dir='ltr'><strong>consti-</strong></span> <span class='ocrx_word' id='word_1_293' title='bbox 785 3383 839 3417; x_wconf 78' lang='lat' dir='ltr'><strong>rtem</strong></span> <span class='ocrx_word' id='word_1_294' title='bbox 849 3375 871 3418; x_wconf 79' lang='lat' dir='ltr'><strong>el</strong></span> <span class='ocrx_word' id='word_1_295' title='bbox 882 3372 970 3428; x_wconf 66' lang='lat' dir='ltr'><strong>vuibili,</strong></span> <span class='ocrx_word' id='word_1_296' title='bbox 988 3370 1153 3417; x_wconf 68' lang='lat' dir='ltr'><strong>marbelinus</strong></span> <span class='ocrx_word' id='word_1_297' title='bbox 1163 3367 1250 3413; x_wconf 70' lang='lat' dir='ltr'><strong>matris</strong></span> <span class='ocrx_word' id='word_1_298' title='bbox 1261 3368 1318 3421; x_wconf 71' lang='lat' dir='ltr'><strong>litui,</strong></span> 
     </span>
    </p>
   </div>
   <div class='ocr_carea' id='block_1_9' title="bbox 230 3428 1318 3500">
    <p class='ocr_par' dir='ltr' id='par_1_10' title="bbox 230 3428 1318 3500">
     <span class='ocr_line' id='line_1_36' title="bbox 230 3428 1318 3500; baseline 0.001 -36"><span class='ocrx_word' id='word_1_299' title='bbox 230 3428 285 3473; x_wconf 83' lang='lat' dir='ltr'><strong>tuit,</strong></span> <span class='ocrx_word' id='word_1_300' title='bbox 299 3431 323 3465; x_wconf 89' lang='lat' dir='ltr'><strong>nt</strong></span> <span class='ocrx_word' id='word_1_301' title='bbox 340 3428 363 3464; x_wconf 91' lang='lat' dir='ltr'><strong>in</strong></span> <span class='ocrx_word' id='word_1_302' title='bbox 378 3428 475 3475; x_wconf 84' lang='lat' dir='ltr'><strong>sepulcro</strong></span> <span class='ocrx_word' id='word_1_303' title='bbox 491 3428 628 3476; x_wconf 83' lang='lat' dir='ltr'><strong>superiorum</strong></span> <span class='ocrx_word' id='word_1_304' title='bbox 641 3429 760 3477; x_wconf 86' lang='lat' dir='ltr'><strong>imperato-</strong></span> <span class='ocrx_word' id='word_1_305' title='bbox 785 3443 807 3487; x_wconf 59' lang='lat' dir='ltr'><strong>ep</strong></span> <span class='ocrx_word' id='word_1_306' title='bbox 823 3442 917 3500; x_wconf 55' lang='lat' dir='ltr'><strong>propper</strong></span> <span class='ocrx_word' id='word_1_307' title='bbox 937 3439 1102 3486; x_wconf 50' lang='lat' dir='ltr'><strong>mediat-mm</strong></span> <span class='ocrx_word' id='word_1_308' title='bbox 1121 3437 1199 3496; x_wconf 49' lang='lat' dir='ltr'><strong>mk</strong></span> <span class='ocrx_word' id='word_1_309' title='bbox 1219 3435 1254 3481; x_wconf 80' lang='lat' dir='ltr'><strong>llil&#39;</strong></span> <span class='ocrx_word' id='word_1_310' title='bbox 1264 3431 1318 3492; x_wconf 63' lang='lat' dir='ltr'><strong>⁸⁰1)ss</strong></span> 
     </span>
    </p>
   </div>
   <div class='ocr_carea' id='block_1_10' title="bbox 230 3480 1318 3583">
    <p class='ocr_par' dir='ltr' id='par_1_11' title="bbox 230 3480 1318 3583">
     <span class='ocr_line' id='line_1_37' title="bbox 230 3480 1318 3583; baseline -0.017 -16"><span class='ocrx_word' id='word_1_311' title='bbox 230 3480 760 3583; x_wconf 46' lang='grc' dir='ltr'><strong>ἓξᾞοῗῖᾆᾚᾷῗέῗ’ξὶῗηζᾳηῖξῗῗῃοέζᾛφξξ</strong></span> <span class='ocrx_word' id='word_1_312' title='bbox 786 3509 963 3568; x_wconf 89' lang='lat' dir='ltr'><strong>patrissoboles</strong></span> <span class='ocrx_word' id='word_1_313' title='bbox 972 3508 1044 3555; x_wconf 81' lang='lat' dir='ltr'><strong>berra.</strong></span> <span class='ocrx_word' id='word_1_314' title='bbox 1054 3505 1167 3552; x_wconf 84' lang='lat' dir='ltr'><strong>celebrat</strong></span> <span class='ocrx_word' id='word_1_315' title='bbox 1175 3515 1235 3562; x_wconf 71' lang='lat' dir='ltr'><strong>erpo</strong></span> <span class='ocrx_word' id='word_1_316' title='bbox 1242 3501 1318 3549; x_wconf 84' lang='lat' dir='ltr'><strong>etisto</strong></span> 
     </span>
    </p>
   </div>
   <div class='ocr_carea' id='block_1_11' title="bbox 230 3571 1320 3705">
    <p class='ocr_par' dir='ltr' id='par_1_12' title="bbox 230 3571 1320 3705">
     <span class='ocr_line' id='line_1_38' title="bbox 230 3571 1320 3638; baseline -0.006 -14"><span class='ocrx_word' id='word_1_317' title='bbox 230 3592 374 3630; x_wconf 77' lang='lat' dir='ltr'><strong>amoveretur,</strong></span> <span class='ocrx_word' id='word_1_318' title='bbox 383 3588 438 3635; x_wconf 75' lang='lat' dir='ltr'><strong>justa</strong></span> <span class='ocrx_word' id='word_1_319' title='bbox 447 3588 759 3638; x_wconf 67' lang='lat' dir='ltr'><strong>persolverer,quaurapssimo</strong></span> <span class='ocrx_word' id='word_1_320' title='bbox 785 3578 996 3638; x_wconf 76' lang='lat' dir='ltr'><strong>quadragesimam</strong></span> <span class='ocrx_word' id='word_1_321' title='bbox 1012 3575 1089 3635; x_wconf 86' lang='lat' dir='ltr'><strong>patris</strong></span> <span class='ocrx_word' id='word_1_322' title='bbox 1103 3572 1192 3631; x_wconf 82' lang='lat' dir='ltr'><strong>Jacob,</strong></span> <span class='ocrx_word' id='word_1_323' title='bbox 1205 3571 1320 3631; x_wconf 86' lang='lat' dir='ltr'><strong>supplan-</strong></span> 
     </span>
     <span class='ocr_line' id='line_1_39' title="bbox 230 3640 1320 3705; baseline -0.004 -15"><span class='ocrx_word' id='word_1_324' title='bbox 230 3640 287 3679; x_wconf 58' lang='grc' dir='ltr'><strong>ἨΜ</strong></span> <span class='ocrx_word' id='word_1_325' title='bbox 302 3642 512 3690; x_wconf 65' lang='lat' dir='ltr'><strong>caeromeniis</strong></span> <span class='ocrx_word' id='word_1_326' title='bbox 523 3642 640 3689; x_wconf 69' lang='lat' dir='ltr'><strong>l³¹⁶¹¹¹⁰¹i⁸</strong></span> <span class='ocrx_word' id='word_1_327' title='bbox 653 3653 715 3680; x_wconf 72' lang='lat' dir='ltr'><strong>more</strong></span> <span class='ocrx_word' id='word_1_328' title='bbox 727 3651 760 3703; x_wconf 75' lang='lat'>⁵⁰⁸.</span> <span class='ocrx_word' id='word_1_329' title='bbox 785 3648 870 3696; x_wconf 90' lang='lat' dir='ltr'><strong>tatoris</strong></span> <span class='ocrx_word' id='word_1_330' title='bbox 881 3647 965 3705; x_wconf 82' lang='lat' dir='ltr'><strong>illius3</strong></span> <span class='ocrx_word' id='word_1_331' title='bbox 978 3645 1004 3693; x_wconf 88' lang='lat' dir='ltr'><strong>et</strong></span> <span class='ocrx_word' id='word_1_332' title='bbox 1021 3657 1065 3692; x_wconf 88' lang='lat' dir='ltr'><strong>nos</strong></span> <span class='ocrx_word' id='word_1_333' title='bbox 1077 3643 1233 3691; x_wconf 84' lang='lat' dir='ltr'><strong>celebremus</strong></span> <span class='ocrx_word' id='word_1_334' title='bbox 1243 3641 1320 3687; x_wconf 81' lang='lat' dir='ltr'><strong>Theo·</strong></span> 
     </span>
    </p>
   </div>
   <div class='ocr_carea' id='block_1_12' title="bbox 229 3695 1321 3800">
    <p class='ocr_par' dir='ltr' id='par_1_13' title="bbox 229 3695 1321 3800">
     <span class='ocr_line' id='line_1_40' title="bbox 229 3695 1321 3800; baseline 0.016 -14"><span class='ocrx_word' id='word_1_335' title='bbox 229 3695 759 3800; x_wconf 58' lang='lat' dir='ltr'><strong>inii„r{tertiusnullum}ili</strong></span> <span class='ocrx_word' id='word_1_336' title='bbox 785 3714 1083 3775; x_wconf 54' lang='lat' dir='ltr'><strong>perorassem</strong></span> <span class='ocrx_word' id='word_1_337' title='bbox 1099 3711 1142 3771; x_wconf 67' lang='lat' dir='ltr'><strong>,i</strong></span> <span class='ocrx_word' id='word_1_338' title='bbox 1159 3707 1321 3757; x_wconf 52' lang='lat' dir='ltr'><strong>tritri</strong></span> 
     </span>
    </p>
   </div>
   <div class='ocr_carea' id='block_1_13' title="bbox 229 3779 1320 3915">
    <p class='ocr_par' dir='ltr' id='par_1_14' title="bbox 229 3779 1320 3915">
     <span class='ocr_line' id='line_1_41' title="bbox 230 3779 1319 3856; baseline -0.017 -14"><span class='ocrx_word' id='word_1_339' title='bbox 230 3805 324 3851; x_wconf 69' lang='lat' dir='ltr'><strong>broilus,</strong></span> <span class='ocrx_word' id='word_1_340' title='bbox 334 3808 437 3855; x_wconf 78' lang='lat' dir='ltr'><strong>praesente</strong></span> <span class='ocrx_word' id='word_1_341' title='bbox 442 3803 517 3843; x_wconf 88' lang='lat' dir='ltr'><strong>eodem</strong></span> <span class='ocrx_word' id='word_1_342' title='bbox 527 3804 632 3849; x_wconf 84' lang='lat' dir='ltr'><strong>tlonorio,</strong></span> <span class='ocrx_word' id='word_1_343' title='bbox 641 3814 707 3852; x_wconf 87' lang='lat' dir='ltr'><strong>quem</strong></span> <span class='ocrx_word' id='word_1_344' title='bbox 718 3801 759 3842; x_wconf 82' lang='lat' dir='ltr'><strong>Oc·</strong></span> <span class='ocrx_word' id='word_1_345' title='bbox 786 3787 839 3846; x_wconf 75' lang='lat' dir='ltr'><strong>COb,</strong></span> <span class='ocrx_word' id='word_1_346' title='bbox 846 3783 1014 3845; x_wconf 69' lang='lat' dir='ltr'><strong>supplantavit</strong></span> <span class='ocrx_word' id='word_1_347' title='bbox 1020 3780 1149 3841; x_wconf 77' lang='lat' dir='ltr'><strong>perfidiam</strong></span> <span class='ocrx_word' id='word_1_348' title='bbox 1158 3779 1319 3856; x_wconf 59' lang='lat' dir='ltr'><strong>[ytalintll&#39;lltll</strong></span> 
     </span>
     <span class='ocr_line' id='line_1_42' title="bbox 229 3848 1320 3915; baseline -0.004 -19"><span class='ocrx_word' id='word_1_349' title='bbox 229 3857 316 3897; x_wconf 88' lang='lat' dir='ltr'><strong>cidentis</strong></span> <span class='ocrx_word' id='word_1_350' title='bbox 332 3861 484 3906; x_wconf 71' lang='lat' dir='ltr'><strong>insperalorem</strong></span> <span class='ocrx_word' id='word_1_351' title='bbox 496 3861 557 3904; x_wconf 79' lang='lat' dir='ltr'><strong>peter</strong></span> <span class='ocrx_word' id='word_1_352' title='bbox 573 3858 694 3895; x_wconf 86' lang='lat' dir='ltr'><strong>instituerat</strong></span> <span class='ocrx_word' id='word_1_353' title='bbox 703 3882 708 3897; x_wconf 89' lang='lat'><strong>.</strong></span> <span class='ocrx_word' id='word_1_354' title='bbox 718 3855 760 3894; x_wconf 79' lang='lat' dir='ltr'><strong>luc</strong></span> <span class='ocrx_word' id='word_1_355' title='bbox 785 3855 828 3915; x_wconf 84' lang='lat' dir='ltr'><strong>qui</strong></span> <span class='ocrx_word' id='word_1_356' title='bbox 839 3853 965 3902; x_wconf 82' lang='lat' dir='ltr'><strong>abscondit</strong></span> <span class='ocrx_word' id='word_1_357' title='bbox 976 3851 1107 3898; x_wconf 83' lang='lat' dir='ltr'><strong>simulacra</strong></span> <span class='ocrx_word' id='word_1_358' title='bbox 1121 3848 1251 3906; x_wconf 68' lang='lat' dir='ltr'><strong>gentium</strong></span> <span class='ocrx_word' id='word_1_359' title='bbox 1269 3857 1320 3893; x_wconf 83' lang='lat' dir='ltr'><strong>(llll-</strong></span> 
     </span>
    </p>
   </div>
   <div class='ocr_carea' id='block_1_14' title="bbox 231 3910 1322 3972">
    <p class='ocr_par' dir='ltr' id='par_1_15' title="bbox 231 3910 1322 3972">
     <span class='ocr_line' id='line_1_43' title="bbox 231 3910 1322 3972; baseline -0.005 -22"><span class='ocrx_word' id='word_1_360' title='bbox 231 3913 327 3950; x_wconf 79' lang='lat' dir='ltr'><strong>oratione</strong></span> <span class='ocrx_word' id='word_1_361' title='bbox 337 3913 446 3950; x_wconf 84' lang='lat' dir='ltr'><strong>demortui</strong></span> <span class='ocrx_word' id='word_1_362' title='bbox 455 3911 546 3948; x_wconf 80' lang='lat' dir='ltr'><strong>virtutes</strong></span> <span class='ocrx_word' id='word_1_363' title='bbox 554 3910 722 3948; x_wconf 86' lang='lat' dir='ltr'><strong>commendavit.</strong></span> <span class='ocrx_word' id='word_1_364' title='bbox 785 3935 828 3968; x_wconf 69' lang='lat' dir='ltr'><strong>nes</strong></span> <span class='ocrx_word' id='word_1_365' title='bbox 849 3922 917 3968; x_wconf 67' lang='lat' dir='ltr'>enim</span> <span class='ocrx_word' id='word_1_366' title='bbox 937 3920 1019 3968; x_wconf 63' lang='lat' dir='ltr'><strong>cultus</strong></span> <span class='ocrx_word' id='word_1_367' title='bbox 1044 3917 1164 3967; x_wconf 60' lang='lat' dir='ltr'><strong>idolorum</strong></span> <span class='ocrx_word' id='word_1_368' title='bbox 1187 3915 1249 3961; x_wconf 68' lang='lat' dir='ltr'><strong>fides</strong></span> <span class='ocrx_word' id='word_1_369' title='bbox 1270 3914 1322 3972; x_wconf 64' lang='lat' dir='ltr'>ejus</span> 
     </span>
    </p>
   </div>
   <div class='ocr_carea' id='block_1_15' title="bbox 230 3968 1322 4071">
    <p class='ocr_par' dir='ltr' id='par_1_16' title="bbox 230 3968 1322 4071">
     <span class='ocr_line' id='line_1_44' title="bbox 230 3968 1322 4071; baseline -0.008 -34"><span class='ocrx_word' id='word_1_370' title='bbox 230 3968 759 4071; x_wconf 43' lang='lat' dir='ltr'><strong>pssffishfflffigfff{ssfflfffissf’i&#39;ffaepfflpusslffffifnff</strong></span> <span class='ocrx_word' id='word_1_371' title='bbox 786 3990 928 4049; x_wconf 89' lang='lat' dir='ltr'><strong>abscondit,</strong></span> <span class='ocrx_word' id='word_1_372' title='bbox 948 4000 1031 4035; x_wconf 90' lang='lat' dir='ltr'><strong>omnes</strong></span> <span class='ocrx_word' id='word_1_373' title='bbox 1054 3996 1138 4034; x_wconf 88' lang='lat' dir='ltr'><strong>corum</strong></span> <span class='ocrx_word' id='word_1_374' title='bbox 1169 3981 1322 4031; x_wconf 85' lang='lat' dir='ltr'><strong>ceremonias</strong></span> 
     </span>
    </p>
   </div>
   <div class='ocr_carea' id='block_1_16' title="bbox 230 4051 1322 4117">
    <p class='ocr_par' dir='ltr' id='par_1_17' title="bbox 230 4051 1322 4117">
     <span class='ocr_line' id='line_1_45' title="bbox 230 4051 1322 4117; baseline -0.015 -4"><span class='ocrx_word' id='word_1_375' title='bbox 230 4075 272 4113; x_wconf 76' lang='lat' dir='ltr'><strong>erit</strong></span> <span class='ocrx_word' id='word_1_376' title='bbox 280 4077 301 4115; x_wconf 82' lang='lat' dir='ltr'><strong>et</strong></span> <span class='ocrx_word' id='word_1_377' title='bbox 310 4075 357 4117; x_wconf 75' lang='lat' dir='ltr'><strong>ultis</strong></span> <span class='ocrx_word' id='word_1_378' title='bbox 366 4076 407 4114; x_wconf 62' lang='lat' dir='ltr'><strong>sues</strong></span> <span class='ocrx_word' id='word_1_379' title='bbox 417 4074 519 4113; x_wconf 76' lang='lat' dir='ltr'><strong>devinxit.</strong></span> <span class='ocrx_word' id='word_1_380' title='bbox 786 4057 941 4106; x_wconf 85' lang='lat' dir='ltr'><strong>obliteravit:</strong></span> <span class='ocrx_word' id='word_1_381' title='bbox 953 4056 995 4116; x_wconf 88' lang='lat' dir='ltr'><strong>qui</strong></span> <span class='ocrx_word' id='word_1_382' title='bbox 1007 4054 1082 4102; x_wconf 86' lang='lat' dir='ltr'><strong>etium</strong></span> <span class='ocrx_word' id='word_1_383' title='bbox 1094 4053 1124 4099; x_wconf 89' lang='lat' dir='ltr'><strong>iis</strong></span> <span class='ocrx_word' id='word_1_384' title='bbox 1132 4051 1176 4112; x_wconf 86' lang='lat' dir='ltr'><strong>qni</strong></span> <span class='ocrx_word' id='word_1_385' title='bbox 1186 4052 1215 4099; x_wconf 90' lang='lat' dir='ltr'><strong>in</strong></span> <span class='ocrx_word' id='word_1_386' title='bbox 1226 4063 1252 4098; x_wconf 89' lang='lat' dir='ltr'><strong>se</strong></span> <span class='ocrx_word' id='word_1_387' title='bbox 1264 4061 1322 4111; x_wconf 83' lang='lat' dir='ltr'><strong>peo-</strong></span> 
     </span>
    </p>
   </div>
   <div class='ocr_carea' id='block_1_17' title="bbox 0 0 1384 4800">
    <p class='ocr_par' dir='ltr' id='par_1_18' title="bbox 0 0 1384 4800">
     <span class='ocr_line' id='line_1_46' title="bbox 0 0 1384 4800; baseline 0 0"><span class='ocrx_word' id='word_1_388' title='bbox 0 0 1384 4800; x_wconf 95' lang='lat' dir='ltr'><strong> </strong></span> 
     </span>
    </p>
   </div>
  </div>
 </body>
</html>
