2746 4800
222 377 269 429 att
454 386 466 410 ι
526 347 529 353 ’
623 370 742 419 sineri
757 365 918 416 auunosn

222 455 751 522 viteiusgoatqueettriesuostrosermouo
774 437 1308 507 tudiciaiormanturlcumdlrlderelalterl

223 529 419 594 exprimeretur,
444 528 559 588 putamus
586 535 640 570 eom
661 520 752 568 tactam
777 507 1328 579 gratiam,ulterimisericordiomasapienli.

224 595 434 656 cornplexlonem,
460 592 489 640 ut
510 589 623 650 pluribus
650 587 752 635 tortasse
777 575 1308 647 gratiam‚insipienti·misoricordlam3qult

113 712 120 722 ,
223 664 294 722 aliis,
309 661 355 709 libi
371 660 437 707 certo
454 657 548 706 amanti
557 655 633 705 nostri
646 665 696 702 non
705 655 751 699 im·
778 655 809 704 ad
820 654 939 704 virtutem
948 664 976 700 se
989 647 1097 713 propriis
1106 647 1208 697 viribus
1217 645 1309 706 engere

222 732 368 794 prohemur3
379 729 439 776 licet
452 726 578 777 difficillus
588 726 621 774 sit
631 725 675 772 tuo
683 723 753 782 jndi—
777 736 827 773 non
836 725 947 784 poterat,
958 733 1005 769 nec
1022 718 1189 780 spontnnemn
1203 725 1310 777 grecum

224 801 277 860 cio,
289 797 480 861 quamplurium
491 807 540 843 non
549 795 680 855 displicere
691 805 701 840 a
711 789 754 838 sed
778 792 913 851 adtollere,
930 786 1062 839 benedixit
1071 797 1147 845 eum,
1165 784 1195 832 ut
1208 782 1310 834 serviret

215 867 311 929 :iudicii
327 867 423 929 pondus
438 864 529 913 affectu
542 861 659 920 ahleras,
674 870 753 918 eoque
779 858 848 908 fratri
858 871 917 917 sno,
927 858 953 906 et
963 856 1028 905 esset
1037 850 1309 917 ipsiusserruo,osteu·

223 937 287 984 mihi
295 935 416 983 blandior.
779 929 839 977 dens
847 928 882 976 ita
890 925 1039 976 deteriorem
1049 930 1103 972 esse
1116 921 1241 972 servituto
1250 917 1309 969 insi·

253 1003 278 1052 t.
295 1004 353 1050 llaec
365 1004 449 1050 antem
464 999 583 1062 epistola,
597 997 712 1060 qnoniam
727 994 753 1042 to
778 996 914 1058 pientiam,
931 995 963 1043 ut
975 991 1086 1042 remedio
1101 989 1127 1038 ei
1145 989 1253 1038 servitus
1266 987 1309 1047 sit3

224 1071 354 1120 absentem
365 1069 479 1128 offendit,
498 1068 528 1116 de
540 1067 670 1116 sententiis
685 1062 753 1112 Pauli
779 1065 838 1125 qnia
853 1063 943 1112 stultus
957 1072 1044 1120 renero
1058 1071 1086 1108 se
1102 1068 1156 1105 non
1175 1057 1272 1118 potest,
1287 1054 1311 1102 et

224 1141 264 1189 ost
274 1139 391 1200 apostoli,
407 1138 449 1199 qni
465 1149 509 1189 nos
525 1149 542 1186 a
554 1135 673 1183 servitute
685 1133 710 1179 in
721 1131 754 1178 li·
780 1133 830 1181 nisi
838 1131 1016 1180 moderatorem
1025 1127 1134 1191 habeat,
1144 1124 1308 1188 praecipitatu

224 1208 347 1261 hortatem
358 1208 429 1256 rorat
444 1206 529 1253 dicem
540 1217 550 1251 :-
559 1205 638 1251 Pretio
653 1203 710 1250 emti
718 1214 754 1248 cs·
780 1201 887 1264 propriis
896 1196 1073 1248 voluntatibus.

224 1278 268 1334 tis,
279 1277 348 1324 notite
355 1273 598 1333 Menoihomioum
605 1302 614 1328 ,
625 1268 756 1317 ostendens
810 1271 836 1319 8.
853 1269 964 1328 Diligens
980 1278 1038 1326 erpo
1049 1263 1308 1325 pater-etconsnleor,

225 1343 366 1391 libertatem
382 1342 489 1389 nostram
504 1339 531 1387 in
548 1337 686 1397 cognitione
702 1345 756 1383 esse
781 1350 881 1387 servum
893 1348 950 1385 eum
966 1334 1047 1382 fratris
1066 1334 1104 1382 sui
1123 1333 1203 1393 fecit,
1219 1332 1251 1380 ut⁴
1261 1331 1308 1391 sios

225 1411 366 1471 sapientiae.
374 1410 433 1467 Quae
444 1407 567 1456 sententia
577 1416 663 1464 magno
676 1415 691 1450 a
701 1402 757 1462 phi·
781 1407 908 1466 regeretur
919 1402 1028 1451 consilio.
1040 1401 1098 1450 ldeo
1109 1401 1258 1449 inconsultis
1270 1411 1309 1461 po-

226 1478 335 1537 losophis
347 1476 463 1523 fluctuata
476 1475 550 1533 atque
561 1472 652 1530 jactata
661 1471 698 1518 est
707 1470 758 1517 dis·
781 1475 847 1534 pulis
858 1471 980 1534 sapientes
993 1471 1087 1530 quique
1097 1469 1253 1517 adhibentur
1262 1479 1309 1516 reo·

227 1544 363 1606 putationis
382 1543 522 1598 molimine,
542 1539 684 1587 dicentibus
699 1538 757 1598 qnia
782 1539 1040 1602 tores‚qniplcbeiam
1049 1537 1226 1598 insipientiam
1234 1537 1312 1597 tinore

227 1613 310 1659 omnis
320 1610 504 1671 sapionsliber,
515 1607 594 1655 omnis
605 1608 688 1654 antem
695 1605 757 1658 insi·
782 1611 881 1671 proprio
891 1607 1029 1670 repantput
1042 1606 1165 1667 potentiae
1174 1607 1261 1668 specio
1273 1605 1310 1653 do

226 1679 404 1740 piensscrriat.
783 1679 921 1737 minentur,
931 1688 980 1738 quo
998 1674 1040 1724 rel
1056 1675 1153 1723 invitos
1171 1673 1310 1722 armentale

259 1748 282 1795 5.
299 1746 346 1794 Sed
365 1745 448 1794 multo.
461 1743 586 1806 hocprius
596 1741 681 1792 nsvin
693 1740 758 1809 filins
782 1742 912 1806 potestatis
935 1742 1070 1808 subjiciant
1093 1743 1126 1790 ad
1151 1741 1314 1791 obediendum

227 1815 311 1880 dixit,
320 1814 363 1874 qui
375 1815 410 1862 alt
421 1827 428 1860 r
440 1814 528 1862 stultns
538 1814 598 1866 sicut
607 1812 665 1859 luno
677 1812 757 1857 muto·
783 1813 998 1874 prudentioribus,
1009 1811 1034 1859 el
1049 1810 1241 1870 obsequendum
1256 1802 1311 1870 lori·

227 1887 279 1939 tur,
289 1883 389 1944 Sapiens
399 1881 465 1928 enim
475 1892 525 1927 non
536 1882 605 1927 metu
620 1878 755 1937 frangitur,
784 1883 838 1930 bus.
850 1877 1312 1942 imposuitigiturinsipientivelutiu-

228 1965 280 2003 non
309 1951 429 2013 potestate
456 1949 582 2008 mutatur,
606 1959 656 1995 non
677 1946 759 1993 adtol·
784 1951 876 2000 domito
886 1950 987 2010 jugum,
1002 1950 1027 1998 et
1039 1948 1080 1996 cui
1092 1949 1216 2010 ingladio
1227 1947 1313 1998 suoci-

186 2061 190 2068 .
228 2022 291 2071 litnr
308 2019 448 2082 prosperis,
476 2029 526 2064 nou
553 2016 666 2064 tristibus
692 2026 759 2061 mer·
784 2019 892 2068 rendum
910 2015 1022 2075 dixerat,
1040 2015 1188 2064 libertatem
1205 2015 1312 2076 uererit3

229 2089 313 2156 pitur3
330 2088 373 2135 ubi
391 2087 458 2135 enirn
475 2083 611 2144 sapientia,
630 2083 666 2130 ihi
682 2082 761 2131 virtus
786 2099 817 2136 ue
837 2086 978 2136 temeritate
998 2083 1140 2144 laberetur,
1161 2083 1312 2146 praeiecitei

230 2155 324 2221 animi,
339 2154 374 2202 ibi
390 2153 525 2219 constantia
540 2153 566 2199 et
581 2150 707 2199 tortitudo.
719 2144 761 2195 Sa·
785 2155 902 2215 tratrem,
919 2154 990 2212 cnjus
1000 2152 1150 2201 auctoritato
1167 2154 1194 2202 et
1208 2153 1313 2202 modera-

229 2227 303 2288 picus
311 2236 368 2284 ergo
377 2224 444 2270 idem
454 2222 492 2269 est
501 2220 598 2279 animo,
609 2230 658 2265 non
668 2218 761 2265 inluni-
785 2226 853 2272 tione
861 2223 987 2281 subiectus
997 2221 1130 2282 proficeret
1141 2222 1173 2270 ed
1182 2222 1314 2271 conversio·

231 2295 284 2352 tur,
295 2304 344 2339 non
356 2290 459 2349 augetur
468 2300 552 2335 rernm
563 2285 760 2334 mutationibus:
786 2306 853 2340 nem,
869 2293 899 2340 Et
912 2292 971 2352 quia
981 2289 1087 2340 servitus
1103 2289 1184 2339 habet
1192 2291 1314 2340 discretio-

233 2373 283 2409 ¹¹0⁰
298 2361 326 2407 nt
336 2360 454 2418 parvulus
464 2357 580 2414 fluctuat,
592 2355 622 2401 ut
632 2354 762 2401 θῑῑῦὓῑΰῐθ·
786 2359 865 2424 uem(
878 2363 916 2409 est
931 2360 1000 2408 enim
1010 2358 1175 2408 necessitatis
1190 2360 1313 2419 infirmior,

231 2431 300 2476 ratur
310 2425 463 2474 omnivento
479 2424 612 2482 doctrinae,
622 2423 667 2470 sed
677 2424 761 2470 manet
787 2428 923 2477 voluntatis
941 2427 1042 2486 tortian
1067 2427 1127 2486 quia
1148 2427 1267 2486 pulcrius
1280 2428 1314 2476 ssi

231 2495 357 2557 perlectus
368 2493 513 2552 inebriato,
525 2490 641 2539 fundatus
652 2490 762 2551 caritate,
788 2498 893 2557 bonnm,
912 2496 977 2557 qnod
994 2506 1044 2542 non
1059 2507 1092 2541 ex
1109 2496 1260 2545 necessitato
1276 2484 1314 2554 tit,

231 2562 354 2612 radicatus
372 2561 429 2608 tide.
452 2561 555 2621 Sapiens
576 2571 634 2620 crgo
651 2559 764 2608 deiectus
788 2565 874 2613 sodex
884 2563 1011 2612 voluntate
1023 2559 1033 2623 )
1044 2551 1103 2609 ideo
1110 2561 1136 2608 ei
1147 2562 1314 2624 primuinssurn

232 2643 317 2681 rerum
332 2630 442 2691 ignorat,
460 2629 485 2676 ot
502 2629 583 2677 varios
601 2628 678 2676 animi
694 2640 764 2676 casus
789 2631 907 2693 imposuit
916 2629 1082 2688 necessitatis,
1097 2631 1186 2689 postea
1201 2629 1313 2679 benedic-

232 2700 330 2749 nesnr:
343 2699 387 2747 ser
397 2696 505 2758 currerit
521 2697 586 2745 sicut
600 2696 763 2757 scriosius,
789 2700 882 2748 tionem
897 2698 925 2748 er
934 2696 1079 2748 normania
1093 2688 1262 2758 morestinus
1271 2696 1314 2747 iu

233 2769 278 2831 qui
289 2769 316 2816 tn
327 2781 403 2831 regno
416 2769 495 2815 Patris
506 2767 544 2815 sui
553 2766 641 2826 fulget.
789 2769 900 2829 pertinit.
1231 2798 1234 2803 ·

205 2838 214 2904 l
264 2838 289 2886 6.
300 2837 369 2885 Unde
384 2838 467 2884 tamen
477 2836 524 2883 hoc
539 2834 638 2894 plenius
653 2832 763 2882 hauserit
819 2839 843 2886 9.
863 2839 915 2886 Non
931 2837 1008 2898 igitur
1023 2836 1113 2886 natura
1128 2849 1233 2888 servum
1249 2838 1315 2899 iacit,

234 2903 403 2965 Philosophia,
422 2904 453 2951 de
464 2916 512 2963 qua
524 2903 624 2950 Petrum
636 2902 765 2962 disciplina
790 2907 833 2954 sed
844 2905 988 2965 insipientia
1000 2918 1007 2951 c
1021 2917 1068 2953 nee
1083 2907 1246 2955 manumissio
1261 2904 1316 2954 libe·

235 2973 262 3022 et
274 2971 404 3032 prudentia
415 2971 605 3018 consideremus.
621 2970 766 3030 Nonne'pri-
789 2989 858 3036 rum,
868 2974 911 3023 sed
919 2974 1057 3035 disciplina.
1067 2973 1183 3035 Denique
1190 2975 1316 3024 Esauliber

233 3041 353 3100 muslloe,
364 3052 420 3087 cnm
428 3039 573 3087 advertisset
581 3037 765 3098 quiainsipion·
791 3047 863 3092 natus
875 3044 926 3102 est,
940 3043 965 3090 et
977 3042 1152 3092 servusiactus
1165 3045 1204 3092 est
1214 3057 1222 3091 r
1232 3044 1316 3105 toscpb

233 3106 766 3164 terhliussuusChamriseratnudaturnpa·
789 3111 1317 3172 venditusinservitutemcststtelpetw

234 3180 314 3236 henr,
328 3174 456 3222 maledixit
465 3175 502 3234 ei,
520 3174 766 3223 dicenstMotedtctur
791 3179 1318 3243 adpotestatem3utsuisemtorihusimpera·

235 3245 325 3304 chum,
343 3257 422 3293 servus
440 3245 576 3291 domesticus
591 3244 636 3290 orit
653 3242 766 3301 natusne
790 3251 837 3297 pet,
846 3251 897 3298 Non
904 3249 1171 3310 dedgnabaturtamen
1178 3251 1317 3312 obsequium

235 3313 298 3371 tu“⁸3
317 3310 343 3390 0}
352 3312 485 3370 praeposuit
496 3312 520 3358 0³
531 3309 764 3367 flaireseissssdomi·
790 3318 944 3378 sedulitatis,
961 3317 1005 3365 sed
1018 3317 1124 3365 tenebat
1135 3316 1238 3367 virtutis
1255 3318 1318 3368 iesti-

235 3389 289 3437 nos,
299 3391 342 3438 qur
351 3379 556 3438 sapienterpatris
563 3377 714 3427 senectutem
723 3377 766 3425 ho·
790 3387 871 3446 glum,
882 3385 1042 3434 conservabat
1051 3384 1196 3435 libertatem
1203 3387 1318 3437 imppp.

236 3444 511 3506 norandamllatarum
790 3453 846 3512 tiae,
867 3452 1019 3512 integritatis
1042 3452 1227 3502 auctoritatem.
1254 3454 1317 3505 undo

267 3513 292 3563 l.
309 3515 394 3594 Nonne
412 3515 486 3562 etiarn
498 3514 552 3563 tons
567 3514 613 3563 ille
621 3514 764 3578 disciplina·
790 3520 876 3580 pulcre
887 3519 1013 3580 psalmista
1022 3518 1059 3567 ait
1068 3532 1076 3566 a
1086 3522 1319 3572 inserentem

236 3593 292 3659 rum
302 3593 412 3660 omnium
428 3582 518 3645 Jacob,
531 3583 671 3633 ubertatem
680 3585 765 3646 dispu·
791 3589 859 3637 dotus
868 3591 901 3638 cst
910 3587 994 3648 Jorepu
1005 3601 1015 3634 .·
1026 3587 1249 3638 semronmaron
1257 3602 1316 3638 oost-

237 3648 421 3727 tatronrsuhupus
429 3650 539 3699 omnium
549 3652 690 3711 pectoribus
700 3652 767 3701 iutu-
788 3656 884 3718 pertibus
900 3657 967 3716 pedes
980 3655 1038 3714 esus.
1059 3656 1087 3701 ht
1104 3668 1213 3715 serrum,
1227 3657 1317 3719 inquit,

237 3714 289 3772 dit,
306 3728 350 3774 qur
360 3716 487 3775 sapientire
497 3718 586 3767 merito
600 3720 717 3780 praelatus
727 3720 766 3768 est
790 3725 942 3772 venumdatur
968 3726 1015 3780 ost,
1042 3733 1101 3778 nou,
1121 3734 1209 3772 servus
1236 3725 1318 3774 iactus

239 3781 308 3828 iratrl
318 3781 421 3859 seniori?
438 3784 549 3844 Denique
560 3786 630 3845 pater
639 3787 711 3847 pius,
721 3785 765 3848 qul
790 3794 976 3842 humiliaverunt
989 3792 1055 3852 pedes
1070 3791 1133 3850 cius,
1150 3802 1202 3840 nou
1216 3780 1318 3842 animam

238 3849 766 3915 interdnossrlrosaiiectucertaretpaterno‚
791 3860 854 3918 ejus.

239 3921 283 3967 sod
293 3918 441 3979 discreparet
448 3918 543 3976 judicio
560 3920 569 3983 t
586 3924 688 3971 affectus
698 3925 765 3971 enirn
832 3927 870 3975 ld.
891 3928 1015 3984 Quomodo
1043 3929 1109 3976 enirn
1134 3929 1266 3979 humiliata
1286 3931 1320 3978 est

239 3987 419 4064 necessitudine
434 3987 557 4066 delectur,
576 3991 671 4041 meritis
681 3994 765 4040 autem
791 3992 886 4054 anima,
899 3993 929 4040 de
939 4007 988 4056 ¹qrra
1002 3995 1061 4043 dicit
1074 4008 1080 4040 =
1093 3997 1192 4044 Ferrum
1202 4000 1321 4058 pertenet·
