2760 4800
426 390 469 437 DE
484 391 589 436 OBITU
605 389 795 436 Tflnobosu
810 392 947 437 ORATIO.
1189 391 1231 441 191

144 471 275 530 caverant,
286 469 366 519 doluit
378 484 450 532 quam
458 472 564 520 dederat
575 472 678 533 periisse
705 485 768 533 equo
778 474 908 535 princeps,
919 474 944 521 et
953 472 1009 521 ante
1020 472 1099 522 aciein
1107 474 1236 538 soluspro7

144 538 343 599 indulgentiam,
360 538 385 584 et
406 540 506 586 versiam
525 540 677 600 denegatam.
704 542 830 601 grediens,
843 543 878 590 ait
888 556 896 588 a
907 543 954 591 Ubi
965 543 1002 591 est
1012 543 1141 593 Theodosii
1151 546 1232 593 beust

143 610 192 657 Sed
208 622 257 657 non
276 607 401 668 negabunt
418 610 477 669 filii,
495 612 561 670 quod
576 612 677 660 donavit
704 610 755 656 lam
768 610 814 656 hoe
830 611 924 659 Christo
939 611 1066 670 proximus
1077 613 1233 672 loquebatur.

144 678 232 738 pater:
243 689 293 724 non
309 678 448 737 negabunt,
463 680 560 726 etiamsi
578 680 677 740 quidam
704 679 762 735 Quis
777 679 844 725 enim
858 681 940 738 posset
956 681 1002 727 hoe
1015 681 1114 740 dicere,
1130 681 1177 729 nisi
1189 682 1231 741 qui

144 746 309 794 interturbare
327 745 428 794 conatus
447 747 494 806 sit3
510 761 593 808 neque
612 749 679 796 enim
704 747 798 794 Christo
812 760 839 795 se
854 749 979 796 adhaerere
1000 749 1171 809 cognosceret?
1181 751 1234 808 Quo

142 816 261 875 poterunt
271 827 376 876 negare,
387 815 453 875 quod
464 816 490 862 in
499 829 626 864 commune
635 817 679 863 do·
704 816 769 863 dicto
780 818 899 865 excitavit
912 829 1011 876 omues,
1022 820 1047 865 et
1059 820 1173 878 exemplo
1181 832 1235 866 orn-

143 887 227 946 navit,
240 885 283 946 qui
292 886 405 946 solvunt,
414 887 479 946 quod
487 888 590 946 singulis
599 887 676 934 dedit.
704 887 869 935 nesarmavit.
879 887 908 934 et
916 887 1043 945 jamcerte
1052 888 1134 934 senior
1145 887 1232 948 aetate,
1281 950 1283 955 λ

176 953 201 1000 5.
218 954 283 1000 Nihil
296 953 424 1012 gloriosius
435 954 516 1002 exitus
530 957 592 1003 tanti
608 956 678 1014 prin·
703 953 745 1000 sed
755 954 849 1002 validus
860 956 918 1004 fide.

144 1023 677 1083 cipisbalruit,quiomulajamdliistradi·
733 1023 756 1069 8.
776 1023 906 1071 Theodosii
927 1038 985 1084 ergo
1005 1026 1065 1073 fides
1084 1025 1130 1073 iuit
1149 1026 1232 1074 restra

144 1091 233 1150 disset,
241 1091 621 1150 regnum,poteatatem,nomen
630 1096 677 1140 hu·
703 1090 806 1139 victoria
820 1094 918 1141 :vestra
929 1095 989 1142 tides
999 1095 1105 1142 tiliorum
1117 1094 1170 1152 ejus
1182 1095 1231 1142 tor-

144 1160 209 1219 gusti
221 1173 228 1205 a
240 1159 318 1218 nihil,
332 1159 446 1219 inquam,
462 1161 596 1219 speciosius
611 1160 635 1208 ci
651 1162 677 1209 in
702 1159 780 1206 titudo
801 1161 841 1207 sit.
862 1162 933 1209 Fides
955 1175 1012 1222 ergo
1031 1162 1105 1222 auget
1122 1163 1230 1210 aetatem.

144 1229 225 1275 morte
237 1228 361 1276 servatum
373 1228 423 1286 est,
434 1240 508 1288 quam
518 1227 584 1288 qu'od
595 1229 621 1275 in
630 1231 676 1277 ali·
702 1228 815 1287 Denique
824 1230 1014 1288 neclthraham,
1026 1232 1054 1278 ut
1065 1231 1091 1276 iu
1102 1231 1232 1278 senectute

144 1296 244 1356 quantis
252 1297 371 1356 promissa
379 1308 532 1345 annonarum
544 1298 677 1358 exigenda·
701 1296 930 1357 generaretiilium,
941 1297 1231 1346 consideravitaetatema

144 1377 200 1412 rum
209 1366 341 1425 relaxatio,
357 1365 415 1413 dum
428 1365 676 1424 moratur,iactaest
702 1376 747 1412 neo
757 1365 870 1425 Sara,ut
880 1369 986 1425 pareret.
997 1368 1046 1414 Nec
1055 1368 1146 1412 mirum
1157 1367 1177 1412 si
1188 1379 1234 1413 au·
1310 1371 1312 1375 ’

143 1434 267 1482 successio
279 1433 330 1492 ejus
348 1433 558 1493 indulgentiarum
570 1434 676 1481 haeredi·
701 1434 742 1493 get
752 1437 849 1482 aetatem
859 1435 937 1494 tides,
945 1447 1001 1482 cum
1017 1435 1179 1494 representet
1193 1435 1233 1482 fu*

144 1505 196 1562 tas3
216 1503 245 1550 ut
262 1504 305 1552 ille
322 1503 365 1564 qni
380 1503 459 1550 voluit
474 1502 611 1563 impedire,
628 1504 676 1551 sibi
702 1504 764 1550 tura.
779 1503 843 1560 Quid
860 1504 927 1551 euim
944 1505 981 1551 est
994 1503 1069 1561 tides,
1085 1503 1133 1550 nisi
1144 1515 1229 1550 rerum

144 1571 230 1619 odium
245 1571 346 1631 feeerit,
357 1572 494 1619 Theodosio
505 1571 588 1619 tamen
600 1574 675 1620 tantae
702 1583 862 1632 earum,quae
872 1574 1016 1632 sperantur,
1025 1570 1177 1618 substantia?
1188 1571 1227 1617 Sic

144 1641 261 1688 cumulus
276 1639 359 1701 gratiae
374 1641 471 1688 nonsit
488 1640 609 1687 ademtus.
626 1643 676 1688 Nec
702 1652 744 1688 nos
752 1641 883 1700 scripture
892 1643 989 1690 docent.
997 1643 1058 1700 Ergo
1067 1642 1086 1688 si
1097 1640 1232 1689 substantia
1258 1648 1259 1651 ’

145 1710 285 1769 immerito,
303 1709 324 1758 si
337 1710 404 1756 enim
420 1705 572 1768 privatorum
583 1709 677 1757 ultimas
702 1721 857 1769 eorumquae
865 1714 1003 1770 sperantur,
1010 1710 1071 1758 fides
1077 1711 1129 1768 est,
1139 1708 1232 1768 quanto

144 1777 298 1837 voluntates,
311 1779 335 1826 et
347 1778 517 1826 deficientium
528 1778 676 1825 testamenta
702 1775 1230 1837 magiseorum,quaevidenturtBonaiides,

145 1846 239 1895 habent
249 1848 378 1908 perpetem
389 1847 545 1905 firmitatem3
555 1847 676 1906 quomodo
702 1845 732 1893 de
749 1859 798 1905 qua
814 1846 933 1906 scriptum
950 1847 988 1893 est
1000 1859 1006 1891 :
1018 1848 1187 1893 blaterantem
1200 1858 1233 1892 ea

144 1915 226 1976 potest
236 1915 296 1962 tanti
307 1916 427 1976 principis
436 1927 488 1962 esse
497 1915 594 1962 irritum
601 1916 676 1962 testa·
700 1916 744 1973 fide
755 1917 817 1962 eisd.
833 1914 904 1972 Quod
916 1914 937 1960 si
952 1912 1116 1961 substraxerit
1129 1924 1170 1970 se,
1181 1923 1230 1958 non

144 1985 412 2034 mentuthloriosius
420 1985 517 2045 quoque
527 1985 552 2031 iu
562 1997 590 2031 eo
598 1985 677 2031 Theo·
702 1984 810 2044 placebit
821 1984 909 2030 animae
918 1995 988 2030 meae.

143 2054 242 2114 dosius,
253 2056 295 2116 qui
306 2068 355 2102 non
365 2055 489 2102 communi
499 2054 555 2112 ture
575 2054 678 2101 testatus
732 2052 756 2100 9.
766 2053 822 2099 'llos
837 2053 920 2099 autem
935 2063 986 2098 non
1002 2051 1174 2100 subtrahamus
1187 2059 1232 2096 nos

145 2125 197 2184 est;
209 2124 240 2172 de
251 2125 308 2171 filiis
317 2124 384 2171 enlm
395 2123 459 2170 nihil
467 2122 575 2169 habebat
585 2135 676 2170 novum
702 2120 733 2168 ad
743 2120 898 2180 dispendium
907 2121 1004 2179 animae,
1015 2120 1058 2168 sed
1068 2120 1233 2166 inhaereamus

144 2193 212 2252 quod
223 2190 354 2253 condeiet,
371 2193 461 2253 quibus
472 2192 550 2239 totum
562 2192 676 2252 dederat,
702 2189 759 2236 fidei
775 2189 805 2236 ad
820 2189 910 2236 animae
927 2188 1015 2236 nostrae
1028 2188 1232 2248 adquisitionem,

146 2261 196 2308 nisi
206 2262 235 2309 ut
246 2275 287 2309 eos
300 2262 415 2321 praesenti
430 2260 614 2308 commendaret
632 2272 676 2320 pa·
702 2256 1232 2317 quoniaminhactideimilitiatestimouium

144 2330 213 2378 renti
223 2327 233 2350 ⁴
244 2344 251 2377 τ
264 2333 288 2378 et
296 2332 327 2378 de
336 2330 440 2378 subditis
451 2329 498 2377 sibi
507 2331 532 2377 et
540 2331 676 2379 commissis
702 2328 846 2387 consequuti
864 2328 920 2374 sunt
937 2329 1047 2375 seniores
1062 2325 1138 2373 nostri
1155 2325 1233 2370 Abra·
1298 2348 1301 2352 ·

144 2400 233 2449 testari
255 2401 354 2461 debuit,
373 2403 401 2448 ut
422 2399 502 2460 legata
520 2400 675 2462 dimitteret,
702 2402 774 2460 ham,
786 2402 853 2448 isaac
870 2402 895 2449 et
908 2401 992 2449 laceb.
1012 2402 1040 2448 nt
1053 2400 1109 2447 ideo
1125 2396 1232 2445 haeredi-

145 2468 206 2515 fidei
217 2466 344 2516 commissa
361 2468 477 2527 signaret.
494 2468 612 2528 Praecepit
623 2469 675 2515 dari
702 2470 777 2517 tatem
792 2469 863 2518 nohis
881 2470 940 2517 fidei
961 2467 1124 2530 reliquerunt.
1141 2465 1232 2512 Fidelis

145 2537 229 2596 legem
241 2537 413 2597 indulgentiae,
424 2549 498 2596 quam
510 2537 624 2594 scriptam
635 2550 677 2585 re·
701 2539 836 2595 abraham,
848 2538 891 2598 qni
901 2550 950 2584 non
962 2536 1133 2596 exoperibus,
1145 2534 1189 2580 sed
1198 2545 1232 2579 cx

144 2605 230 2666 liquit.
238 2605 302 2664 Quid
308 2606 414 2666 dignius,
424 2618 498 2666 quam
506 2606 534 2652 ut
543 2605 677 2652 testamen·
702 2608 749 2654 tide
761 2607 910 2665 justificatus
922 2607 972 2664 est3
985 2606 1101 2665 quoniam
1112 2606 1163 2650 Deo
1175 2615 1231 2650 cre-

144 2676 199 2722 tum
211 2675 365 2734 imperatoris
375 2676 418 2720 lex
429 2673 479 2721 siit
702 2676 779 2723 didit:
789 2677 868 2734 isaac,
880 2677 921 2733 qui
931 2688 976 2734 per
983 2676 1057 2721 tidem
1065 2686 1112 2720 nee
1122 2673 1232 2732 gladium

176 2743 200 2790 6.
212 2743 273 2802 Ergo
291 2743 372 2788 tantus
386 2740 520 2800 imperator
538 2741 644 2789 recessit
662 2754 675 2787 a
702 2744 798 2792 ferituri
815 2742 924 2804 parentis
942 2742 1045 2800 expavit
1061 2755 1068 2786 a
1084 2741 1172 2799 lacob,
1188 2741 1230 2799 qui

143 2812 232 2870 nobis,
249 2810 294 2858 sed
307 2821 358 2855 non
372 2809 435 2856 totus
446 2810 562 2867 recessit3
574 2809 677 2868 reliquit
702 2816 810 2872 paternae
828 2813 885 2860 fidet
905 2812 1015 2874 uestigiis
1033 2811 1156 2866 intentus,
1172 2809 1230 2856 dum

144 2880 216 2926 enim
225 2878 295 2924 nobis
306 2877 396 2923 liberos
408 2888 475 2937 snos,
486 2877 512 2922 in
521 2877 611 2935 quibus
620 2889 677 2923 eum
704 2882 751 2928 iter
762 2881 825 2940 agit,
837 2881 983 2940 Angelorum
1001 2877 1066 2925 vidit
1077 2876 1238 2935 exercitum,
1263 2914 1270 2920 ,

117 2978 124 2990 .
144 2948 268 2994 debemus
283 2957 429 3003 agnoscere,
441 2945 466 2990 et
478 2944 503 2991 in
517 2944 607 3004 quihus
620 2957 676 2990 eum
703 2949 729 2997 ct
739 2949 837 2995 vocavit
848 2947 981 2994 concilium
992 2946 1049 2991 Dei·

146 3015 173 3062 ct
191 3014 316 3062 cernimus
333 3013 358 3061 et
375 3013 497 3060 tenemus.
516 3013 565 3060 ltec
579 3013 678 3059 moveat
734 3019 772 3066 lo.
791 3017 858 3065 alibi
876 3028 986 3076 quoque,
1003 3015 1029 3060 id
1047 3015 1097 3072 est,
1117 3013 1143 3059 in
1161 3012 1232 3060 libris

146 3081 677 3142 oetasziidesmilitumimperatorisperfecta
703 3087 856 3147 Regnorum,
876 3084 979 3132 Eiisaeus
997 3083 1050 3130 erat
1067 3082 1131 3129 intra
1147 3081 1230 3128 Sama«
1310 3134 1312 3137 ,

146 3154 185 3200 est
202 3156 274 3212 aetas3
290 3152 326 3199 est
341 3153 409 3200 enim
425 3151 534 3210 perlecta
549 3153 621 3210 aetas,
633 3151 677 3197 ubi
702 3156 763 3203 riam
772 3189 779 3214 ,
789 3158 814 3203 et
824 3153 906 3202 subito
918 3166 974 3200 eum
986 3150 1148 3198 circumtusus
1157 3149 1231 3210 Syro-

145 3220 256 3282 perlecta
262 3222 299 3269 est
307 3221 393 3269 virtus.
402 3221 610 3280 Reciprocahaec;
619 3221 676 3281 quia
703 3237 757 3271 rum
769 3221 864 3271 obsedit
872 3222 1004 3270 exercitus.
1016 3220 1085 3267 Vidit
1095 3231 1137 3266 eos
1147 3219 1231 3276 Giezi,

146 3290 175 3336 et
184 3288 243 3336 fides
253 3288 408 3349 imperatoris
421 3288 528 3334 militum
542 3289 620 3336 virtus
630 3289 676 3336 cst.
703 3294 773 3341 etati
790 3293 820 3341 ad
836 3291 966 3339 Dominum
981 3289 1230 3347 suumaollomiae,
1278 3310 1282 3318 ·

177 3359 202 3407 7.
219 3358 400 3418 Recognoscitis
416 3370 505 3418 nempe
525 3372 586 3418 quos
607 3360 678 3407 vohis
703 3364 757 3422 quid
777 3360 905 3421 faciemus?
921 3360 950 3406 Et
967 3358 1031 3406 dixit
1049 3358 1151 3405 Elizaeus
1169 3369 1228 3415 pro-

146 3427 277 3476 'l'heodosii
286 3429 345 3475 tides
355 3429 494 3488 triumphos
503 3428 677 3488 adquisiverit.
703 3431 795 3491 pheta:
806 3431 862 3478 Noli
877 3432 956 3477 timere
961 3444 969 3489 3
982 3430 1095 3489 qnoniam
1110 3428 1231 3475 nobiscum

146 3498 206 3544 Cum
215 3497 322 3545 locorum
330 3497 447 3558 angustiis
456 3499 480 3544 et
490 3497 676 3557 impedimentis
701 3502 851 3561 ptaresnmt,
862 3512 992 3558 quomrum
1000 3498 1054 3544 iltis.
1064 3499 1095 3542 Et
1105 3498 1194 3552 rogare
1202 3499 1229 3542 at

147 3567 260 3614 calonum
276 3577 363 3626 agmen
380 3566 504 3612 exercitus
514 3566 588 3625 paulo
599 3566 678 3612 serius
704 3572 804 3630 aperiret
818 3571 932 3616 Dominus
943 3569 1019 3614 oculos
1031 3567 1103 3613 Giezi.
1117 3567 1149 3612 Et
1158 3565 1232 3624 operti

149 3635 175 3681 in
196 3635 275 3682 aciem
295 3634 473 3693 descenderet,
495 3636 520 3681 ct
537 3634 679 3693 inequitare
703 3641 757 3686 susal
768 3638 829 3686 ocuti
846 3638 909 3696 ejus,
923 3639 943 3682 cl
957 3637 1014 3682 vidit
1024 3636 1119 3694 plenem
1130 3636 1232 3680 montem

147 3703 225 3752 hostis
239 3715 307 3751 mora
325 3703 385 3751 belli
405 3700 548 3762 rideretur,
567 3702 679 3750 desilivit
704 3708 768 3767 equis
783 3707 805 3752 et
821 3705 928 3752 curribus
942 3705 969 3750 ia
986 3705 1083 3749 circuitu
1099 3703 1187 3749 Elirei.
1200 3702 1232 3747 nt

703 3774 795 3835 roqooit
810 3774 907 3820 Etisoeus
923 3774 949 3819 at
967 3772 1095 3831 percuteret
1111 3784 1149 3817 eoo
1168 3772 1231 3816 Deras

170 3843 324 3890 ·sillic0nem,
335 3842 426 3880 nonoris
440 3845 535 3880 tut0r0m
546 3846 567 3880 οἱ
579 3852 678 3880 socerum
704 3844 819 3900 coecitate,
837 3844 860 3888 et
870 3841 973 3901 percussi
981 3842 1048 3896 suat,
1059 3842 1081 3886 et
1091 3837 1231 3885 introtemat

151 3899 250 3945 deignat.
704 3915 729 3959 m
740 3913 872 3968 civitatem,
884 3923 929 3970 quo
944 3911 1131 3969 ingrederentur,
1144 3917 1234 3961 aequa·

171 3956 679 4056 seartnttrdurantes..
704 3994 776 4041 aaa
790 3981 899 4027 a...
912 3971 1233 4031 audistisne-reare,

174 4066 413 4114 errapanwjesras.....
486 4060 656 4106 claudennus.
705 4035 1234 4109 quiclrcnmiusicstis,quiauoipcitidia,
1317 4075 1320 4079 ,
