<?xml version="1.0" encoding="UTF-8"?>
<!DOCTYPE html PUBLIC "-//W3C//DTD XHTML 1.0 Transitional//EN"
    "http://www.w3.org/TR/xhtml1/DTD/xhtml1-transitional.dtd">
<html xmlns="http://www.w3.org/1999/xhtml" xml:lang="en" lang="en">
 <head>
  <title>
</title>
<meta http-equiv="Content-Type" content="text/html;charset=utf-8" />
  <meta name='ocr-system' content='tesseract 3.04.00' />
  <meta name='ocr-capabilities' content='ocr_page ocr_carea ocr_par ocr_line ocrx_word'/>
</head>
<body>
  <div class='ocr_page' id='page_1' title='image "./operaomnia03ambrgoog/operaomnia03ambrgoog_0393.png"; bbox 0 0 2760 4800; ppageno 0'>
   <div class='ocr_carea' id='block_1_1' title="bbox 142 433 844 497">
    <p class='ocr_par' dir='ltr' id='par_1_1' title="bbox 142 433 844 497">
     <span class='ocr_line' id='line_1_1' title="bbox 142 433 844 497; baseline -0.011 -2"><span class='ocrx_word' id='word_1_1' title='bbox 142 446 186 497; x_wconf 72' lang='lat' dir='ltr'>tlte</span> <span class='ocrx_word' id='word_1_2' title='bbox 530 440 654 489; x_wconf 76' lang='lat' dir='ltr'>SANCTI</span> <span class='ocrx_word' id='word_1_3' title='bbox 674 433 844 487; x_wconf 76' lang='lat' dir='ltr'>AMBROSH</span> 
     </span>
    </p>
   </div>
   <div class='ocr_carea' id='block_1_2' title="bbox 131 523 1225 1409">
    <p class='ocr_par' dir='ltr' id='par_1_2' title="bbox 131 523 1225 1273">
     <span class='ocr_line' id='line_1_2' title="bbox 143 523 1223 590; baseline -0.003 -12"><span class='ocrx_word' id='word_1_4' title='bbox 143 529 285 590; x_wconf 85' lang='lat' dir='ltr'>cata,atque</span> <span class='ocrx_word' id='word_1_5' title='bbox 294 525 452 583; x_wconf 86' lang='lat' dir='ltr'>abscondens,</span> <span class='ocrx_word' id='word_1_6' title='bbox 459 525 594 573; x_wconf 89' lang='lat' dir='ltr'>secundnm</span> <span class='ocrx_word' id='word_1_7' title='bbox 604 524 668 584; x_wconf 85' lang='lat' dir='ltr'>qnod</span> <span class='ocrx_word' id='word_1_8' title='bbox 694 523 779 572; x_wconf 91' lang='lat' dir='ltr'>devios</span> <span class='ocrx_word' id='word_1_9' title='bbox 795 525 888 584; x_wconf 90' lang='lat' dir='ltr'>aliquos</span> <span class='ocrx_word' id='word_1_10' title='bbox 903 524 1020 573; x_wconf 86' lang='lat' dir='ltr'>habuerit</span> <span class='ocrx_word' id='word_1_11' title='bbox 1039 525 1188 589; x_wconf 78' lang='lat' dir='ltr'><strong>amfractus,</strong></span> <span class='ocrx_word' id='word_1_12' title='bbox 1199 530 1223 576; x_wconf 85' lang='lat' dir='ltr'>ut</span> 
     </span>
     <span class='ocr_line' id='line_1_3' title="bbox 143 591 1225 657; baseline -0.001 -12"><span class='ocrx_word' id='word_1_13' title='bbox 143 598 261 657; x_wconf 85' lang='lat' dir='ltr'>scriptum</span> <span class='ocrx_word' id='word_1_14' title='bbox 269 595 498 654; x_wconf 78' lang='lat' dir='ltr'>estrltecttpuonrm</span> <span class='ocrx_word' id='word_1_15' title='bbox 508 595 669 640; x_wconf 77' lang='lat' dir='ltr'>remisserunt</span> <span class='ocrx_word' id='word_1_16' title='bbox 694 591 765 639; x_wconf 87' lang='lat' dir='ltr'>vetus</span> <span class='ocrx_word' id='word_1_17' title='bbox 787 594 861 640; x_wconf 90' lang='lat' dir='ltr'>lsrael</span> <span class='ocrx_word' id='word_1_18' title='bbox 883 593 1019 640; x_wconf 89' lang='lat' dir='ltr'>secundnm</span> <span class='ocrx_word' id='word_1_19' title='bbox 1041 607 1145 642; x_wconf 84' lang='lat' dir='ltr'>carnem</span> <span class='ocrx_word' id='word_1_20' title='bbox 1164 594 1225 644; x_wconf 84' lang='lat' dir='ltr'>fluc-</span> 
     </span>
     <span class='ocr_line' id='line_1_4' title="bbox 144 658 1224 726; baseline -0.003 -13"><span class='ocrx_word' id='word_1_21' title='bbox 144 658 312 726; x_wconf 66' lang='lat' dir='ltr'>interlineari</span> <span class='ocrx_word' id='word_1_22' title='bbox 321 674 420 722; x_wconf 79' lang='lat' dir='ltr'>qnorum</span> <span class='ocrx_word' id='word_1_23' title='bbox 430 663 489 707; x_wconf 87' lang='lat' dir='ltr'>tecta</span> <span class='ocrx_word' id='word_1_24' title='bbox 498 664 553 708; x_wconf 85' lang='lat' dir='ltr'>snnl</span> <span class='ocrx_word' id='word_1_25' title='bbox 562 659 669 720; x_wconf 78' lang='lat' dir='ltr'>peccate!</span> <span class='ocrx_word' id='word_1_26' title='bbox 694 660 779 718; x_wconf 82' lang='lat' dir='ltr'>tuans3</span> <span class='ocrx_word' id='word_1_27' title='bbox 802 661 860 720; x_wconf 87' lang='lat' dir='ltr'>quia</span> <span class='ocrx_word' id='word_1_28' title='bbox 882 661 906 708; x_wconf 89' lang='lat' dir='ltr'>et</span> <span class='ocrx_word' id='word_1_29' title='bbox 931 661 985 721; x_wconf 91' lang='lat' dir='ltr'>ipse</span> <span class='ocrx_word' id='word_1_30' title='bbox 1008 662 1160 710; x_wconf 79' lang='lat' dir='ltr'>liberabitur</span> <span class='ocrx_word' id='word_1_31' title='bbox 1182 677 1224 723; x_wconf 92' lang='lat' dir='ltr'>per</span> 
     </span>
     <span class='ocr_line' id='line_1_5' title="bbox 144 727 1223 790; baseline -0.003 -10"><span class='ocrx_word' id='word_1_32' title='bbox 144 734 197 781; x_wconf 72' lang='lat' dir='ltr'>Alia</span> <span class='ocrx_word' id='word_1_33' title='bbox 208 732 275 779; x_wconf 88' lang='lat' dir='ltr'>enim</span> <span class='ocrx_word' id='word_1_34' title='bbox 285 729 404 788; x_wconf 83' lang='lat' dir='ltr'>sanguine</span> <span class='ocrx_word' id='word_1_35' title='bbox 412 728 469 774; x_wconf 81' lang='lat' dir='ltr'>Filii</span> <span class='ocrx_word' id='word_1_36' title='bbox 478 728 514 774; x_wconf 92' lang='lat' dir='ltr'>tui</span> <span class='ocrx_word' id='word_1_37' title='bbox 526 727 668 785; x_wconf 89' lang='lat' dir='ltr'>abluis,alia</span> <span class='ocrx_word' id='word_1_38' title='bbox 694 728 791 774; x_wconf 88' lang='lat' dir='ltr'>Domini</span> <span class='ocrx_word' id='word_1_39' title='bbox 812 727 887 776; x_wconf 78' lang='lat' dir='ltr'><strong>nostri</strong></span> <span class='ocrx_word' id='word_1_40' title='bbox 909 730 968 776; x_wconf 83' lang='lat' dir='ltr'>lesu</span> <span class='ocrx_word' id='word_1_41' title='bbox 987 729 1077 777; x_wconf 80' lang='lat' dir='ltr'>Christi</span> <span class='ocrx_word' id='word_1_42' title='bbox 1103 731 1223 790; x_wconf 88' lang='lat' dir='ltr'>gratiam,</span> 
     </span>
     <span class='ocr_line' id='line_1_6' title="bbox 144 795 1224 859; baseline -0.003 -10"><span class='ocrx_word' id='word_1_43' title='bbox 144 803 218 849; x_wconf 87' lang='lat' dir='ltr'>donas</span> <span class='ocrx_word' id='word_1_44' title='bbox 233 800 319 859; x_wconf 88' lang='lat' dir='ltr'>nobis;</span> <span class='ocrx_word' id='word_1_45' title='bbox 331 799 359 846; x_wconf 90' lang='lat' dir='ltr'>nt</span> <span class='ocrx_word' id='word_1_46' title='bbox 369 796 439 845; x_wconf 88' lang='lat' dir='ltr'>bonis</span> <span class='ocrx_word' id='word_1_47' title='bbox 449 797 565 856; x_wconf 84' lang='lat' dir='ltr'>operibus</span> <span class='ocrx_word' id='word_1_48' title='bbox 576 795 602 844; x_wconf 90' lang='lat' dir='ltr'>et</span> <span class='ocrx_word' id='word_1_49' title='bbox 612 807 669 844; x_wconf 88' lang='lat' dir='ltr'>con·</span> <span class='ocrx_word' id='word_1_50' title='bbox 695 809 747 843; x_wconf 85' lang='lat' dir='ltr'>cam</span> <span class='ocrx_word' id='word_1_51' title='bbox 761 799 883 846; x_wconf 73' lang='lat' dir='ltr'>intraverit</span> <span class='ocrx_word' id='word_1_52' title='bbox 901 799 1018 859; x_wconf 79' lang='lat' dir='ltr'>plenitudo</span> <span class='ocrx_word' id='word_1_53' title='bbox 1029 801 1134 859; x_wconf 79' lang='lat' dir='ltr'>gentiunt</span> <span class='ocrx_word' id='word_1_54' title='bbox 1146 814 1155 846; x_wconf 93' lang='lat'>.·</span> <span class='ocrx_word' id='word_1_55' title='bbox 1167 800 1224 847; x_wconf 89' lang='lat' dir='ltr'>licet</span> 
     </span>
     <span class='ocr_line' id='line_1_7' title="bbox 144 864 1223 925; baseline -0.001 -9"><span class='ocrx_word' id='word_1_56' title='bbox 144 869 292 918; x_wconf 74' lang='lat' dir='ltr'>sessionibus</span> <span class='ocrx_word' id='word_1_57' title='bbox 317 867 412 915; x_wconf 91' lang='lat' dir='ltr'>nostros</span> <span class='ocrx_word' id='word_1_58' title='bbox 432 878 528 913; x_wconf 89' lang='lat' dir='ltr'>errores</span> <span class='ocrx_word' id='word_1_59' title='bbox 548 865 667 925; x_wconf 88' lang='lat' dir='ltr'>tegamus.</span> <span class='ocrx_word' id='word_1_60' title='bbox 694 864 740 911; x_wconf 87' lang='lat' dir='ltr'>ista</span> <span class='ocrx_word' id='word_1_61' title='bbox 767 866 860 913; x_wconf 84' lang='lat' dir='ltr'>leviore</span> <span class='ocrx_word' id='word_1_62' title='bbox 882 878 964 914; x_wconf 90' lang='lat' dir='ltr'>errore</span> <span class='ocrx_word' id='word_1_63' title='bbox 987 867 1150 915; x_wconf 84' lang='lat' dir='ltr'>conversione</span> <span class='ocrx_word' id='word_1_64' title='bbox 1172 880 1223 915; x_wconf 89' lang='lat' dir='ltr'>sese</span> 
     </span>
     <span class='ocr_line' id='line_1_8' title="bbox 143 932 1224 1001; baseline -0.002 -17"><span class='ocrx_word' id='word_1_65' title='bbox 143 938 210 996; x_wconf 83' lang='lat' dir='ltr'>Quod</span> <span class='ocrx_word' id='word_1_66' title='bbox 222 948 278 995; x_wconf 85' lang='lat' dir='ltr'>ergo</span> <span class='ocrx_word' id='word_1_67' title='bbox 289 936 323 982; x_wconf 88' lang='lat' dir='ltr'>ait</span> <span class='ocrx_word' id='word_1_68' title='bbox 334 949 341 981; x_wconf 78' lang='lat' dir='ltr'>r</span> <span class='ocrx_word' id='word_1_69' title='bbox 353 936 467 993; x_wconf 71' lang='lat' dir='ltr'>Aetnen</span> <span class='ocrx_word' id='word_1_70' title='bbox 476 936 580 993; x_wconf 83' lang='lat' dir='ltr'>peccata,</span> <span class='ocrx_word' id='word_1_71' title='bbox 591 932 621 979; x_wconf 88' lang='lat' dir='ltr'>ad</span> <span class='ocrx_word' id='word_1_72' title='bbox 631 945 668 980; x_wconf 86' lang='lat' dir='ltr'>re·</span> <span class='ocrx_word' id='word_1_73' title='bbox 693 933 873 982; x_wconf 82' lang='lat' dir='ltr'>reformaverit.</span> <span class='ocrx_word' id='word_1_74' title='bbox 885 936 935 981; x_wconf 87' lang='lat' dir='ltr'>llac</span> <span class='ocrx_word' id='word_1_75' title='bbox 947 947 1006 982; x_wconf 85' lang='lat' dir='ltr'>vero</span> <span class='ocrx_word' id='word_1_76' title='bbox 1018 935 1125 1001; x_wconf 80' lang='lat' dir='ltr'>epistola</span> <span class='ocrx_word' id='word_1_77' title='bbox 1142 937 1173 983; x_wconf 87' lang='lat' dir='ltr'>de</span> <span class='ocrx_word' id='word_1_78' title='bbox 1183 939 1224 983; x_wconf 83' lang='lat' dir='ltr'>Ec·</span> 
     </span>
     <span class='ocr_line' id='line_1_9' title="bbox 143 1001 1222 1064; baseline 0 -12"><span class='ocrx_word' id='word_1_79' title='bbox 143 1006 284 1054; x_wconf 84' lang='lat' dir='ltr'>missionem</span> <span class='ocrx_word' id='word_1_80' title='bbox 300 1003 422 1064; x_wconf 70' lang='lat' dir='ltr'>pertinet,</span> <span class='ocrx_word' id='word_1_81' title='bbox 445 1003 503 1062; x_wconf 86' lang='lat' dir='ltr'>quia</span> <span class='ocrx_word' id='word_1_82' title='bbox 520 1002 617 1061; x_wconf 85' lang='lat' dir='ltr'>penitus</span> <span class='ocrx_word' id='word_1_83' title='bbox 639 1014 668 1048; x_wconf 89' lang='lat' dir='ltr'>ea</span> <span class='ocrx_word' id='word_1_84' title='bbox 694 1001 775 1049; x_wconf 87' lang='lat' dir='ltr'>clesiae</span> <span class='ocrx_word' id='word_1_85' title='bbox 799 1002 849 1048; x_wconf 87' lang='lat' dir='ltr'>tilia</span> <span class='ocrx_word' id='word_1_86' title='bbox 872 1005 943 1051; x_wconf 92' lang='lat' dir='ltr'>nobis</span> <span class='ocrx_word' id='word_1_87' title='bbox 971 1017 1051 1052; x_wconf 91' lang='lat' dir='ltr'>sermo</span> <span class='ocrx_word' id='word_1_88' title='bbox 1073 1005 1122 1062; x_wconf 88' lang='lat' dir='ltr'>sit,</span> <span class='ocrx_word' id='word_1_89' title='bbox 1151 1018 1222 1064; x_wconf 91' lang='lat' dir='ltr'>quam</span> 
     </span>
     <span class='ocr_line' id='line_1_10' title="bbox 143 1070 1222 1133; baseline -0.001 -12"><span class='ocrx_word' id='word_1_90' title='bbox 143 1075 224 1133; x_wconf 91' lang='lat' dir='ltr'>tollit,</span> <span class='ocrx_word' id='word_1_91' title='bbox 237 1074 308 1121; x_wconf 90' lang='lat' dir='ltr'>itaut</span> <span class='ocrx_word' id='word_1_92' title='bbox 324 1085 372 1119; x_wconf 90' lang='lat' dir='ltr'>non</span> <span class='ocrx_word' id='word_1_93' title='bbox 390 1073 439 1119; x_wconf 90' lang='lat' dir='ltr'>sint</span> <span class='ocrx_word' id='word_1_94' title='bbox 458 1082 560 1131; x_wconf 86' lang='lat' dir='ltr'>quorum</span> <span class='ocrx_word' id='word_1_95' title='bbox 576 1081 669 1117; x_wconf 87' lang='lat' dir='ltr'>memor</span> <span class='ocrx_word' id='word_1_96' title='bbox 694 1070 813 1117; x_wconf 86' lang='lat' dir='ltr'>Dominus</span> <span class='ocrx_word' id='word_1_97' title='bbox 831 1072 901 1119; x_wconf 86' lang='lat' dir='ltr'>lesus</span> <span class='ocrx_word' id='word_1_98' title='bbox 918 1073 1126 1131; x_wconf 89' lang='lat' dir='ltr'>quemadmodum</span> <span class='ocrx_word' id='word_1_99' title='bbox 1147 1075 1222 1133; x_wconf 89' lang='lat' dir='ltr'>primo</span> 
     </span>
     <span class='ocr_line' id='line_1_11' title="bbox 143 1138 1222 1202; baseline -0.002 -12"><span class='ocrx_word' id='word_1_100' title='bbox 143 1155 192 1190; x_wconf 90' lang='lat' dir='ltr'>non</span> <span class='ocrx_word' id='word_1_101' title='bbox 211 1145 266 1191; x_wconf 88' lang='lat' dir='ltr'>erit.</span> <span class='ocrx_word' id='word_1_102' title='bbox 279 1143 347 1202; x_wconf 83' lang='lat' dir='ltr'>Quod</span> <span class='ocrx_word' id='word_1_103' title='bbox 367 1156 426 1190; x_wconf 91' lang='lat' dir='ltr'>vero</span> <span class='ocrx_word' id='word_1_104' title='bbox 448 1143 500 1189; x_wconf 85' lang='lat' dir='ltr'>ait:</span> <span class='ocrx_word' id='word_1_105' title='bbox 516 1142 669 1198; x_wconf 71' lang='lat' dir='ltr'>transferens</span> <span class='ocrx_word' id='word_1_106' title='bbox 693 1138 843 1198; x_wconf 83' lang='lat' dir='ltr'>susceperit,</span> <span class='ocrx_word' id='word_1_107' title='bbox 864 1139 997 1198; x_wconf 86' lang='lat' dir='ltr'>erudierit,</span> <span class='ocrx_word' id='word_1_108' title='bbox 1014 1142 1222 1189; x_wconf 84' lang='lat' dir='ltr'>consummaverit</span> 
     </span>
     <span class='ocr_line' id='line_1_12' title="bbox 131 1206 1130 1273; baseline -0.004 -14"><span class='ocrx_word' id='word_1_109' title='bbox 131 1215 331 1273; x_wconf 81' lang='lat' dir='ltr'>·iniqnitntes3eo</span> <span class='ocrx_word' id='word_1_110' title='bbox 339 1212 403 1272; x_wconf 89' lang='lat' dir='ltr'>quod</span> <span class='ocrx_word' id='word_1_111' title='bbox 414 1210 587 1259; x_wconf 86' lang='lat' dir='ltr'>confitentibus</span> <span class='ocrx_word' id='word_1_112' title='bbox 598 1208 669 1255; x_wconf 91' lang='lat' dir='ltr'>nobis</span> <span class='ocrx_word' id='word_1_113' title='bbox 694 1206 720 1252; x_wconf 93' lang='lat' dir='ltr'>in</span> <span class='ocrx_word' id='word_1_114' title='bbox 730 1218 773 1252; x_wconf 90' lang='lat' dir='ltr'>suo</span> <span class='ocrx_word' id='word_1_115' title='bbox 781 1206 927 1266; x_wconf 84' lang='lat' dir='ltr'>Evangelio,</span> <span class='ocrx_word' id='word_1_116' title='bbox 938 1207 1130 1255; x_wconf 89' lang='lat' dir='ltr'>consideremus.</span> 
     </span>
    </p>

    <p class='ocr_par' dir='ltr' id='par_1_3' title="bbox 144 1274 1223 1409">
     <span class='ocr_line' id='line_1_13' title="bbox 144 1274 1223 1340; baseline 0 -14"><span class='ocrx_word' id='word_1_117' title='bbox 144 1281 226 1340; x_wconf 86' lang='lat' dir='ltr'>lapsus</span> <span class='ocrx_word' id='word_1_118' title='bbox 243 1285 351 1340; x_wconf 86' lang='lat' dir='ltr'>nostros,</span> <span class='ocrx_word' id='word_1_119' title='bbox 368 1281 393 1326; x_wconf 90' lang='lat' dir='ltr'>et</span> <span class='ocrx_word' id='word_1_120' title='bbox 408 1277 609 1326; x_wconf 85' lang='lat' dir='ltr'>obumbrantibus</span> <span class='ocrx_word' id='word_1_121' title='bbox 628 1287 669 1322; x_wconf 86' lang='lat' dir='ltr'>eos</span> <span class='ocrx_word' id='word_1_122' title='bbox 724 1274 747 1320; x_wconf 63' lang='grc' dir='ltr'>Ξ.</span> <span class='ocrx_word' id='word_1_123' title='bbox 759 1275 870 1335; x_wconf 88' lang='lat' dir='ltr'>Suscepit</span> <span class='ocrx_word' id='word_1_124' title='bbox 886 1276 970 1335; x_wconf 86' lang='lat' dir='ltr'>itaque</span> <span class='ocrx_word' id='word_1_125' title='bbox 982 1288 1037 1323; x_wconf 90' lang='lat' dir='ltr'>eam</span> <span class='ocrx_word' id='word_1_126' title='bbox 1057 1277 1137 1335; x_wconf 89' lang='lat' dir='ltr'>primo</span> <span class='ocrx_word' id='word_1_127' title='bbox 1153 1278 1223 1326; x_wconf 90' lang='lat' dir='ltr'>tuen·</span> 
     </span>
     <span class='ocr_line' id='line_1_14' title="bbox 144 1344 1220 1409; baseline -0.001 -15"><span class='ocrx_word' id='word_1_128' title='bbox 144 1349 214 1396; x_wconf 83' lang='lat' dir='ltr'>bonae</span> <span class='ocrx_word' id='word_1_129' title='bbox 225 1349 388 1409; x_wconf 83' lang='lat' dir='ltr'>operationis,</span> <span class='ocrx_word' id='word_1_130' title='bbox 404 1347 484 1393; x_wconf 88' lang='lat' dir='ltr'>trueta</span> <span class='ocrx_word' id='word_1_131' title='bbox 494 1345 633 1392; x_wconf 78' lang='lat' dir='ltr'>referantur</span> <span class='ocrx_word' id='word_1_132' title='bbox 644 1344 668 1389; x_wconf 89' lang='lat' dir='ltr'>in</span> <span class='ocrx_word' id='word_1_133' title='bbox 694 1344 748 1390; x_wconf 88' lang='lat' dir='ltr'>dam</span> <span class='ocrx_word' id='word_1_134' title='bbox 758 1345 785 1390; x_wconf 90' lang='lat' dir='ltr'>in</span> <span class='ocrx_word' id='word_1_135' title='bbox 796 1346 936 1392; x_wconf 81' lang='lat' dir='ltr'>contusione</span> <span class='ocrx_word' id='word_1_136' title='bbox 946 1345 1064 1404; x_wconf 74' lang='lat' dir='ltr'>positam,</span> <span class='ocrx_word' id='word_1_137' title='bbox 1073 1347 1146 1394; x_wconf 85' lang='lat' dir='ltr'>exsul</span> <span class='ocrx_word' id='word_1_138' title='bbox 1159 1347 1220 1393; x_wconf 91' lang='lat' dir='ltr'>enim</span> 
     </span>
    </p>
   </div>
   <div class='ocr_carea' id='block_1_3' title="bbox 54 1414 1221 1476">
    <p class='ocr_par' dir='ltr' id='par_1_4' title="bbox 54 1414 1221 1476">
     <span class='ocr_line' id='line_1_15' title="bbox 54 1414 1221 1476; baseline -0.001 -12"><span class='ocrx_word' id='word_1_139' title='bbox 54 1436 57 1444; x_wconf 58' lang='lat'><strong><em>¹</em></strong></span> <span class='ocrx_word' id='word_1_140' title='bbox 144 1418 269 1465; x_wconf 83' lang='lat' dir='ltr'>auctorem</span> <span class='ocrx_word' id='word_1_141' title='bbox 290 1419 381 1476; x_wconf 88' lang='lat' dir='ltr'>eulpae,</span> <span class='ocrx_word' id='word_1_142' title='bbox 397 1417 423 1463; x_wconf 90' lang='lat' dir='ltr'>et</span> <span class='ocrx_word' id='word_1_143' title='bbox 443 1415 539 1475; x_wconf 90' lang='lat' dir='ltr'>peceati</span> <span class='ocrx_word' id='word_1_144' title='bbox 559 1414 667 1460; x_wconf 85' lang='lat' dir='ltr'>incento—</span> <span class='ocrx_word' id='word_1_145' title='bbox 694 1414 799 1472; x_wconf 87' lang='lat' dir='ltr'>paradisi</span> <span class='ocrx_word' id='word_1_146' title='bbox 811 1415 853 1462; x_wconf 89' lang='lat' dir='ltr'>ubi</span> <span class='ocrx_word' id='word_1_147' title='bbox 866 1415 913 1462; x_wconf 91' lang='lat' dir='ltr'>nisi</span> <span class='ocrx_word' id='word_1_148' title='bbox 924 1415 951 1460; x_wconf 92' lang='lat' dir='ltr'>in</span> <span class='ocrx_word' id='word_1_149' title='bbox 963 1414 1109 1462; x_wconf 84' lang='lat' dir='ltr'>contusione</span> <span class='ocrx_word' id='word_1_150' title='bbox 1123 1415 1221 1474; x_wconf 78' lang='lat' dir='ltr'>degeret</span> 
     </span>
    </p>
   </div>
   <div class='ocr_carea' id='block_1_4' title="bbox 132 1482 1256 3589">
    <p class='ocr_par' dir='ltr' id='par_1_5' title="bbox 132 1482 1256 3589">
     <span class='ocr_line' id='line_1_16' title="bbox 144 1482 1256 1545; baseline -0.001 -13"><span class='ocrx_word' id='word_1_151' title='bbox 144 1498 206 1533; x_wconf 87' lang='lat' dir='ltr'>rem.</span> <span class='ocrx_word' id='word_1_152' title='bbox 218 1487 281 1545; x_wconf 84' lang='lat' dir='ltr'>Quid</span> <span class='ocrx_word' id='word_1_153' title='bbox 292 1487 356 1534; x_wconf 90' lang='lat' dir='ltr'>enim</span> <span class='ocrx_word' id='word_1_154' title='bbox 368 1485 436 1532; x_wconf 88' lang='lat' dir='ltr'>aliud</span> <span class='ocrx_word' id='word_1_155' title='bbox 446 1483 564 1543; x_wconf 87' lang='lat' dir='ltr'>agit‚qni</span> <span class='ocrx_word' id='word_1_156' title='bbox 573 1483 669 1542; x_wconf 89' lang='lat' dir='ltr'>culpam</span> <span class='ocrx_word' id='word_1_157' title='bbox 694 1483 774 1529; x_wconf 87' lang='lat' dir='ltr'>anima</span> <span class='ocrx_word' id='word_1_158' title='bbox 801 1484 995 1542; x_wconf 80' lang='lat' dir='ltr'>uniuscujusque</span> <span class='ocrx_word' id='word_1_159' title='bbox 1026 1482 1154 1530; x_wconf 77' lang='lat' dir='ltr'>hominis?</span> <span class='ocrx_word' id='word_1_160' title='bbox 1180 1485 1221 1531; x_wconf 90' lang='lat' dir='ltr'>de-</span> <span class='ocrx_word' id='word_1_161' title='bbox 1253 1506 1256 1513; x_wconf 93' lang='lat'>·</span> 
     </span>
     <span class='ocr_line' id='line_1_17' title="bbox 144 1550 1221 1615; baseline -0.002 -15"><span class='ocrx_word' id='word_1_162' title='bbox 144 1554 248 1615; x_wconf 79' lang='lat' dir='ltr'>fatetur,</span> <span class='ocrx_word' id='word_1_163' title='bbox 270 1555 318 1601; x_wconf 87' lang='lat' dir='ltr'>nisi</span> <span class='ocrx_word' id='word_1_164' title='bbox 336 1556 364 1600; x_wconf 91' lang='lat' dir='ltr'>ut</span> <span class='ocrx_word' id='word_1_165' title='bbox 376 1552 533 1600; x_wconf 86' lang='lat' dir='ltr'>&#39;adversantis</span> <span class='ocrx_word' id='word_1_166' title='bbox 552 1550 669 1610; x_wconf 90' lang='lat' dir='ltr'>nequitiae</span> <span class='ocrx_word' id='word_1_167' title='bbox 695 1551 812 1612; x_wconf 84' lang='lat' dir='ltr'>duxitque</span> <span class='ocrx_word' id='word_1_168' title='bbox 825 1564 880 1599; x_wconf 83' lang='lat' dir='ltr'>earn</span> <span class='ocrx_word' id='word_1_169' title='bbox 895 1552 922 1598; x_wconf 91' lang='lat' dir='ltr'>in</span> <span class='ocrx_word' id='word_1_170' title='bbox 935 1553 1075 1600; x_wconf 86' lang='lat' dir='ltr'>Bethleem.</span> <span class='ocrx_word' id='word_1_171' title='bbox 1094 1553 1149 1599; x_wconf 84' lang='lat' dir='ltr'>lam</span> <span class='ocrx_word' id='word_1_172' title='bbox 1167 1565 1221 1613; x_wconf 89' lang='lat' dir='ltr'>pro-</span> 
     </span>
     <span class='ocr_line' id='line_1_18' title="bbox 144 1618 1219 1682; baseline -0.001 -14"><span class='ocrx_word' id='word_1_173' title='bbox 144 1623 320 1682; x_wconf 85' lang='lat' dir='ltr'>spiritalisdolo</span> <span class='ocrx_word' id='word_1_174' title='bbox 330 1634 356 1669; x_wconf 88' lang='lat' dir='ltr'>se</span> <span class='ocrx_word' id='word_1_175' title='bbox 365 1620 491 1670; x_wconf 87' lang='lat' dir='ltr'>etmalitia</span> <span class='ocrx_word' id='word_1_176' title='bbox 502 1618 669 1667; x_wconf 88' lang='lat' dir='ltr'>transductum</span> <span class='ocrx_word' id='word_1_177' title='bbox 695 1619 772 1666; x_wconf 90' lang='lat' dir='ltr'>lectus</span> <span class='ocrx_word' id='word_1_178' title='bbox 800 1621 918 1680; x_wconf 85' lang='lat' dir='ltr'>susceptae</span> <span class='ocrx_word' id='word_1_179' title='bbox 942 1620 1030 1666; x_wconf 89' lang='lat' dir='ltr'>animae</span> <span class='ocrx_word' id='word_1_180' title='bbox 1058 1621 1219 1680; x_wconf 85' lang='lat' dir='ltr'>significatur,</span> 
     </span>
     <span class='ocr_line' id='line_1_19' title="bbox 135 1688 1219 1750; baseline -0.002 -12"><span class='ocrx_word' id='word_1_181' title='bbox 135 1689 246 1748; x_wconf 83' lang='lat' dir='ltr'>probett</span> <span class='ocrx_word' id='word_1_182' title='bbox 694 1689 757 1746; x_wconf 89' lang='lat' dir='ltr'>quod</span> <span class='ocrx_word' id='word_1_183' title='bbox 765 1688 889 1735; x_wconf 91' lang='lat' dir='ltr'>adscendit</span> <span class='ocrx_word' id='word_1_184' title='bbox 898 1689 929 1736; x_wconf 79' lang='lat' dir='ltr'>acl</span> <span class='ocrx_word' id='word_1_185' title='bbox 939 1688 1039 1735; x_wconf 89' lang='lat' dir='ltr'>domum</span> <span class='ocrx_word' id='word_1_186' title='bbox 1049 1689 1133 1747; x_wconf 91' lang='lat' dir='ltr'>panis,</span> <span class='ocrx_word' id='word_1_187' title='bbox 1141 1688 1167 1736; x_wconf 90' lang='lat' dir='ltr'>in</span> <span class='ocrx_word' id='word_1_188' title='bbox 1175 1702 1219 1750; x_wconf 87' lang='lat' dir='ltr'>qua</span> 
     </span>
     <span class='ocr_line' id='line_1_20' title="bbox 174 1755 1219 1820; baseline 0.001 -16"><span class='ocrx_word' id='word_1_189' title='bbox 174 1758 213 1806; x_wconf 70' lang='lat' dir='ltr'>ht.</span> <span class='ocrx_word' id='word_1_190' title='bbox 225 1761 253 1808; x_wconf 92' lang='lat' dir='ltr'>ln</span> <span class='ocrx_word' id='word_1_191' title='bbox 270 1773 300 1808; x_wconf 91' lang='lat' dir='ltr'>co</span> <span class='ocrx_word' id='word_1_192' title='bbox 315 1760 398 1819; x_wconf 85' lang='lat' dir='ltr'>itaque</span> <span class='ocrx_word' id='word_1_193' title='bbox 418 1757 506 1820; x_wconf 75' lang='lat' dir='ltr'>gratias</span> <span class='ocrx_word' id='word_1_194' title='bbox 522 1757 573 1818; x_wconf 89' lang='lat' dir='ltr'>agit</span> <span class='ocrx_word' id='word_1_195' title='bbox 587 1758 669 1806; x_wconf 88' lang='lat' dir='ltr'>anima</span> <span class='ocrx_word' id='word_1_196' title='bbox 695 1755 783 1802; x_wconf 88' lang='lat' dir='ltr'>tamem</span> <span class='ocrx_word' id='word_1_197' title='bbox 794 1756 851 1804; x_wconf 83' lang='lat' dir='ltr'>fidei</span> <span class='ocrx_word' id='word_1_198' title='bbox 864 1758 889 1803; x_wconf 91' lang='lat' dir='ltr'>et</span> <span class='ocrx_word' id='word_1_199' title='bbox 899 1757 1057 1804; x_wconf 85' lang='lat' dir='ltr'>sterilitatem</span> <span class='ocrx_word' id='word_1_200' title='bbox 1068 1758 1173 1804; x_wconf 83' lang='lat' dir='ltr'>nesciat.</span> <span class='ocrx_word' id='word_1_201' title='bbox 1185 1760 1219 1806; x_wconf 91' lang='lat' dir='ltr'>Dc</span> 
     </span>
     <span class='ocr_line' id='line_1_21' title="bbox 145 1825 1218 1888; baseline 0 -14"><span class='ocrx_word' id='word_1_202' title='bbox 145 1828 207 1888; x_wconf 83' lang='lat' dir='ltr'>ista3</span> <span class='ocrx_word' id='word_1_203' title='bbox 218 1829 275 1888; x_wconf 87' lang='lat' dir='ltr'>quia</span> <span class='ocrx_word' id='word_1_204' title='bbox 292 1828 317 1876; x_wconf 91' lang='lat' dir='ltr'>et</span> <span class='ocrx_word' id='word_1_205' title='bbox 328 1827 407 1874; x_wconf 83' lang='lat' dir='ltr'>aufert</span> <span class='ocrx_word' id='word_1_206' title='bbox 425 1827 543 1873; x_wconf 89' lang='lat' dir='ltr'>Dominus</span> <span class='ocrx_word' id='word_1_207' title='bbox 554 1827 668 1886; x_wconf 88' lang='lat' dir='ltr'>peecata,</span> <span class='ocrx_word' id='word_1_208' title='bbox 694 1825 830 1873; x_wconf 89' lang='lat' dir='ltr'>nostrarum</span> <span class='ocrx_word' id='word_1_209' title='bbox 842 1827 978 1873; x_wconf 86' lang='lat' dir='ltr'>animarum</span> <span class='ocrx_word' id='word_1_210' title='bbox 993 1837 1085 1886; x_wconf 86' lang='lat' dir='ltr'>genere</span> <span class='ocrx_word' id='word_1_211' title='bbox 1097 1827 1124 1874; x_wconf 89' lang='lat' dir='ltr'>et</span> <span class='ocrx_word' id='word_1_212' title='bbox 1137 1827 1218 1874; x_wconf 89' lang='lat' dir='ltr'>ordine</span> 
     </span>
     <span class='ocr_line' id='line_1_22' title="bbox 132 1893 1218 1956; baseline 0 -11"><span class='ocrx_word' id='word_1_213' title='bbox 132 1893 171 1945; x_wconf 92' lang='lat' dir='ltr'>&#39;et</span> <span class='ocrx_word' id='word_1_214' title='bbox 180 1897 295 1944; x_wconf 80' lang='lat' dir='ltr'>transfert</span> <span class='ocrx_word' id='word_1_215' title='bbox 305 1895 461 1956; x_wconf 89' lang='lat' dir='ltr'>iniquitates,</span> <span class='ocrx_word' id='word_1_216' title='bbox 473 1895 498 1941; x_wconf 91' lang='lat' dir='ltr'>et</span> <span class='ocrx_word' id='word_1_217' title='bbox 512 1895 633 1954; x_wconf 79' lang='lat' dir='ltr'>demergit</span> <span class='ocrx_word' id='word_1_218' title='bbox 643 1895 668 1941; x_wconf 91' lang='lat' dir='ltr'>in</span> <span class='ocrx_word' id='word_1_219' title='bbox 694 1895 792 1954; x_wconf 89' lang='lat' dir='ltr'>loquor,</span> <span class='ocrx_word' id='word_1_220' title='bbox 803 1895 892 1955; x_wconf 88' lang='lat' dir='ltr'>quibus</span> <span class='ocrx_word' id='word_1_221' title='bbox 903 1907 947 1942; x_wconf 91' lang='lat' dir='ltr'>nos</span> <span class='ocrx_word' id='word_1_222' title='bbox 966 1895 1076 1943; x_wconf 85' lang='lat' dir='ltr'>vivimus</span> <span class='ocrx_word' id='word_1_223' title='bbox 1096 1895 1123 1942; x_wconf 90' lang='lat' dir='ltr'>et</span> <span class='ocrx_word' id='word_1_224' title='bbox 1138 1909 1218 1945; x_wconf 89' lang='lat' dir='ltr'>move-</span> 
     </span>
     <span class='ocr_line' id='line_1_23' title="bbox 145 1963 1218 2024; baseline 0.002 -13"><span class='ocrx_word' id='word_1_225' title='bbox 145 1965 264 2024; x_wconf 83' lang='lat' dir='ltr'>protundo</span> <span class='ocrx_word' id='word_1_226' title='bbox 275 1966 357 2012; x_wconf 87' lang='lat' dir='ltr'>maris.</span> <span class='ocrx_word' id='word_1_227' title='bbox 369 1964 437 2023; x_wconf 87' lang='lat' dir='ltr'>Quod</span> <span class='ocrx_word' id='word_1_228' title='bbox 447 1964 527 2024; x_wconf 88' lang='lat' dir='ltr'>potest</span> <span class='ocrx_word' id='word_1_229' title='bbox 535 1964 561 2010; x_wconf 92' lang='lat' dir='ltr'>et</span> <span class='ocrx_word' id='word_1_230' title='bbox 570 1965 600 2009; x_wconf 91' lang='lat' dir='ltr'>ad</span> <span class='ocrx_word' id='word_1_231' title='bbox 611 1963 669 2023; x_wconf 92' lang='lat' dir='ltr'>bap·</span> <span class='ocrx_word' id='word_1_232' title='bbox 694 1975 761 2022; x_wconf 91' lang='lat' dir='ltr'>mur,</span> <span class='ocrx_word' id='word_1_233' title='bbox 778 1976 826 2010; x_wconf 92' lang='lat' dir='ltr'>non</span> <span class='ocrx_word' id='word_1_234' title='bbox 844 1963 875 2010; x_wconf 91' lang='lat' dir='ltr'>de</span> <span class='ocrx_word' id='word_1_235' title='bbox 896 1964 978 2022; x_wconf 86' lang='lat' dir='ltr'>aliqua</span> <span class='ocrx_word' id='word_1_236' title='bbox 998 1964 1155 2023; x_wconf 88' lang='lat' dir='ltr'>specialiter;</span> <span class='ocrx_word' id='word_1_237' title='bbox 1172 1978 1218 2013; x_wconf 90' lang='lat' dir='ltr'>non</span> 
     </span>
     <span class='ocr_line' id='line_1_24' title="bbox 144 2031 1218 2093; baseline -0.001 -12"><span class='ocrx_word' id='word_1_238' title='bbox 144 2035 243 2082; x_wconf 82' lang='lat' dir='ltr'>tisinum</span> <span class='ocrx_word' id='word_1_239' title='bbox 254 2033 405 2093; x_wconf 82' lang='lat' dir='ltr'>reterri,qn0</span> <span class='ocrx_word' id='word_1_240' title='bbox 413 2031 536 2092; x_wconf 82' lang='lat' dir='ltr'>AEgyptins</span> <span class='ocrx_word' id='word_1_241' title='bbox 542 2032 668 2091; x_wconf 75' lang='lat' dir='ltr'>mergitur,</span> <span class='ocrx_word' id='word_1_242' title='bbox 694 2031 759 2077; x_wconf 90' lang='lat' dir='ltr'>enim</span> <span class='ocrx_word' id='word_1_243' title='bbox 771 2031 801 2078; x_wconf 91' lang='lat' dir='ltr'>de</span> <span class='ocrx_word' id='word_1_244' title='bbox 812 2031 961 2091; x_wconf 89' lang='lat' dir='ltr'>proprietate</span> <span class='ocrx_word' id='word_1_245' title='bbox 974 2033 999 2078; x_wconf 90' lang='lat' dir='ltr'>et</span> <span class='ocrx_word' id='word_1_246' title='bbox 1007 2032 1091 2092; x_wconf 91' lang='lat' dir='ltr'>specie</span> <span class='ocrx_word' id='word_1_247' title='bbox 1103 2033 1218 2092; x_wconf 79' lang='lat' dir='ltr'>alicujus,</span> 
     </span>
     <span class='ocr_line' id='line_1_25' title="bbox 145 2099 1219 2162; baseline 0.002 -13"><span class='ocrx_word' id='word_1_248' title='bbox 145 2103 262 2159; x_wconf 80' lang='lat' dir='ltr'>ltebraeus</span> <span class='ocrx_word' id='word_1_249' title='bbox 283 2101 388 2161; x_wconf 81' lang='lat' dir='ltr'>resurgit</span> <span class='ocrx_word' id='word_1_250' title='bbox 407 2114 414 2146; x_wconf 75' lang='grc' dir='ltr'><strong>ε</strong></span> <span class='ocrx_word' id='word_1_251' title='bbox 433 2102 459 2148; x_wconf 91' lang='lat' dir='ltr'>et</span> <span class='ocrx_word' id='word_1_252' title='bbox 472 2111 521 2159; x_wconf 86' lang='lat' dir='ltr'>quo</span> <span class='ocrx_word' id='word_1_253' title='bbox 537 2099 668 2147; x_wconf 89' lang='lat' dir='ltr'>altitudine</span> <span class='ocrx_word' id='word_1_254' title='bbox 693 2101 737 2147; x_wconf 90' lang='lat' dir='ltr'>sed</span> <span class='ocrx_word' id='word_1_255' title='bbox 755 2101 785 2147; x_wconf 88' lang='lat' dir='ltr'>de</span> <span class='ocrx_word' id='word_1_256' title='bbox 796 2113 900 2162; x_wconf 78' lang='lat' dir='ltr'>genere,</span> <span class='ocrx_word' id='word_1_257' title='bbox 910 2100 1013 2160; x_wconf 82' lang='lat' dir='ltr'>utdixi,</span> <span class='ocrx_word' id='word_1_258' title='bbox 1024 2101 1164 2150; x_wconf 86' lang='lat' dir='ltr'>animarum</span> <span class='ocrx_word' id='word_1_259' title='bbox 1175 2104 1219 2151; x_wconf 91' lang='lat' dir='ltr'>dis·</span> 
     </span>
     <span class='ocr_line' id='line_1_26' title="bbox 145 2170 964 2231; baseline -0.001 -12"><span class='ocrx_word' id='word_1_260' title='bbox 145 2171 288 2230; x_wconf 83' lang='lat' dir='ltr'>sapientiae,</span> <span class='ocrx_word' id='word_1_261' title='bbox 299 2172 324 2217; x_wconf 90' lang='lat' dir='ltr'>et</span> <span class='ocrx_word' id='word_1_262' title='bbox 341 2171 460 2217; x_wconf 86' lang='lat' dir='ltr'>bonorum</span> <span class='ocrx_word' id='word_1_263' title='bbox 478 2180 579 2227; x_wconf 88' lang='lat' dir='ltr'>operum</span> <span class='ocrx_word' id='word_1_264' title='bbox 591 2170 669 2215; x_wconf 90' lang='lat' dir='ltr'>abun·</span> <span class='ocrx_word' id='word_1_265' title='bbox 694 2171 830 2228; x_wconf 89' lang='lat' dir='ltr'>putandum</span> <span class='ocrx_word' id='word_1_266' title='bbox 841 2171 964 2231; x_wconf 88' lang='lat' dir='ltr'>putamus.</span> 
     </span>
     <span class='ocr_line' id='line_1_27' title="bbox 145 2233 1217 2302; baseline 0.004 -17"><span class='ocrx_word' id='word_1_267' title='bbox 145 2233 228 2287; x_wconf 85' lang='lat' dir='ltr'>dantia</span> <span class='ocrx_word' id='word_1_268' title='bbox 236 2241 348 2298; x_wconf 86' lang='lat' dir='ltr'>tegantur</span> <span class='ocrx_word' id='word_1_269' title='bbox 358 2240 457 2298; x_wconf 87' lang='lat' dir='ltr'>peccata</span> <span class='ocrx_word' id='word_1_270' title='bbox 469 2236 609 2295; x_wconf 88' lang='lat' dir='ltr'>superiora,</span> <span class='ocrx_word' id='word_1_271' title='bbox 625 2249 669 2294; x_wconf 90' lang='lat' dir='ltr'>per</span> <span class='ocrx_word' id='word_1_272' title='bbox 723 2240 747 2285; x_wconf 82' lang='grc'>5.</span> <span class='ocrx_word' id='word_1_273' title='bbox 758 2239 890 2286; x_wconf 88' lang='lat' dir='ltr'>Descendit</span> <span class='ocrx_word' id='word_1_274' title='bbox 910 2240 939 2286; x_wconf 90' lang='lat' dir='ltr'>in</span> <span class='ocrx_word' id='word_1_275' title='bbox 955 2241 1083 2300; x_wconf 83' lang='lat' dir='ltr'>AEgyptum</span> <span class='ocrx_word' id='word_1_276' title='bbox 1100 2241 1217 2302; x_wconf 83' lang='lat' dir='ltr'>Christus,</span> 
     </span>
     <span class='ocr_line' id='line_1_28' title="bbox 145 2303 1218 2367; baseline 0.008 -16"><span class='ocrx_word' id='word_1_277' title='bbox 145 2305 246 2353; x_wconf 87' lang='lat' dir='ltr'>divitias</span> <span class='ocrx_word' id='word_1_278' title='bbox 261 2305 434 2353; x_wconf 84' lang='lat' dir='ltr'>misericordiae</span> <span class='ocrx_word' id='word_1_279' title='bbox 452 2304 499 2350; x_wconf 92' lang='lat' dir='ltr'>Dei</span> <span class='ocrx_word' id='word_1_280' title='bbox 517 2303 607 2360; x_wconf 90' lang='lat' dir='ltr'>nostri,</span> <span class='ocrx_word' id='word_1_281' title='bbox 626 2305 667 2362; x_wconf 90' lang='lat' dir='ltr'>qui</span> <span class='ocrx_word' id='word_1_282' title='bbox 694 2308 856 2367; x_wconf 88' lang='lat' dir='ltr'>patrocinium</span> <span class='ocrx_word' id='word_1_283' title='bbox 869 2308 894 2354; x_wconf 89' lang='lat' dir='ltr'>et</span> <span class='ocrx_word' id='word_1_284' title='bbox 909 2309 1009 2356; x_wconf 87' lang='lat' dir='ltr'>ductum</span> <span class='ocrx_word' id='word_1_285' title='bbox 1026 2311 1116 2358; x_wconf 78' lang='lat' dir='ltr'>nostrae</span> <span class='ocrx_word' id='word_1_286' title='bbox 1134 2313 1218 2360; x_wconf 85' lang='lat' dir='ltr'>animae</span> 
     </span>
     <span class='ocr_line' id='line_1_29' title="bbox 144 2369 1217 2433; baseline 0.007 -15"><span class='ocrx_word' id='word_1_287' title='bbox 144 2384 238 2421; x_wconf 88' lang='lat' dir='ltr'>memor</span> <span class='ocrx_word' id='word_1_288' title='bbox 248 2372 412 2432; x_wconf 88' lang='lat' dir='ltr'>promissionis</span> <span class='ocrx_word' id='word_1_289' title='bbox 421 2383 479 2428; x_wconf 86' lang='lat' dir='ltr'>suae,</span> <span class='ocrx_word' id='word_1_290' title='bbox 487 2381 561 2428; x_wconf 89' lang='lat' dir='ltr'>quam</span> <span class='ocrx_word' id='word_1_291' title='bbox 569 2369 670 2417; x_wconf 89' lang='lat' dir='ltr'>dederat</span> <span class='ocrx_word' id='word_1_292' title='bbox 695 2374 787 2433; x_wconf 85' lang='lat' dir='ltr'>terens,</span> <span class='ocrx_word' id='word_1_293' title='bbox 796 2375 855 2423; x_wconf 88' lang='lat' dir='ltr'>inde</span> <span class='ocrx_word' id='word_1_294' title='bbox 866 2377 941 2425; x_wconf 89' lang='lat' dir='ltr'>rediit</span> <span class='ocrx_word' id='word_1_295' title='bbox 957 2377 983 2423; x_wconf 90' lang='lat' dir='ltr'>ln</span> <span class='ocrx_word' id='word_1_296' title='bbox 993 2378 1112 2426; x_wconf 79' lang='lat' dir='ltr'>iudaeam.</span> <span class='ocrx_word' id='word_1_297' title='bbox 1127 2381 1183 2428; x_wconf 82' lang='lat' dir='ltr'>Fuit</span> <span class='ocrx_word' id='word_1_298' title='bbox 1192 2381 1217 2427; x_wconf 88' lang='lat' dir='ltr'>in</span> 
     </span>
     <span class='ocr_line' id='line_1_30' title="bbox 145 2436 1219 2506; baseline 0.008 -19"><span class='ocrx_word' id='word_1_299' title='bbox 145 2441 256 2498; x_wconf 80' lang='lat' dir='ltr'>Abrabae,</span> <span class='ocrx_word' id='word_1_300' title='bbox 265 2439 388 2487; x_wconf 74' lang='lat' dir='ltr'>haeredem</span> <span class='ocrx_word' id='word_1_301' title='bbox 399 2436 566 2494; x_wconf 63' lang='lat' dir='ltr'>ejulantium</span> <span class='ocrx_word' id='word_1_302' title='bbox 576 2449 623 2484; x_wconf 75' lang='lat' dir='ltr'>¹1⁰ss</span> <span class='ocrx_word' id='word_1_303' title='bbox 632 2439 669 2486; x_wconf 72' lang='lat' dir='ltr'>est</span> <span class='ocrx_word' id='word_1_304' title='bbox 694 2445 803 2502; x_wconf 86' lang='lat' dir='ltr'>deserto,</span> <span class='ocrx_word' id='word_1_305' title='bbox 815 2443 863 2491; x_wconf 87' lang='lat' dir='ltr'>luit</span> <span class='ocrx_word' id='word_1_306' title='bbox 873 2443 899 2490; x_wconf 95' lang='lat' dir='ltr'>in</span> <span class='ocrx_word' id='word_1_307' title='bbox 908 2446 1087 2505; x_wconf 78' lang='lat' dir='ltr'>capharnaum,</span> <span class='ocrx_word' id='word_1_308' title='bbox 1096 2446 1219 2506; x_wconf 85' lang='lat' dir='ltr'>lnitjnxta</span> 
     </span>
     <span class='ocr_line' id='line_1_31' title="bbox 146 2509 1219 2574; baseline 0.008 -19"><span class='ocrx_word' id='word_1_309' title='bbox 146 2521 228 2568; x_wconf 89' lang='lat' dir='ltr'>passus</span> <span class='ocrx_word' id='word_1_310' title='bbox 239 2509 328 2568; x_wconf 89' lang='lat' dir='ltr'>perire.</span> <span class='ocrx_word' id='word_1_311' title='bbox 694 2513 754 2560; x_wconf 85' lang='lat' dir='ltr'>sines</span> <span class='ocrx_word' id='word_1_312' title='bbox 763 2512 880 2571; x_wconf 88' lang='lat' dir='ltr'>Zabulon,</span> <span class='ocrx_word' id='word_1_313' title='bbox 887 2512 951 2560; x_wconf 90' lang='lat' dir='ltr'>circa</span> <span class='ocrx_word' id='word_1_314' title='bbox 962 2515 1098 2574; x_wconf 89' lang='lat' dir='ltr'>maritima,</span> <span class='ocrx_word' id='word_1_315' title='bbox 1109 2517 1219 2564; x_wconf 88' lang='lat' dir='ltr'>transivit</span> 
     </span>
     <span class='ocr_line' id='line_1_32' title="bbox 175 2575 1219 2642; baseline 0.009 -19"><span class='ocrx_word' id='word_1_316' title='bbox 175 2576 213 2624; x_wconf 74' lang='lat'>25.</span> <span class='ocrx_word' id='word_1_317' title='bbox 226 2577 308 2624; x_wconf 81' lang='lat' dir='ltr'>Etilla</span> <span class='ocrx_word' id='word_1_318' title='bbox 322 2576 422 2636; x_wconf 87' lang='lat' dir='ltr'>quidem</span> <span class='ocrx_word' id='word_1_319' title='bbox 437 2575 518 2623; x_wconf 87' lang='lat' dir='ltr'>anima</span> <span class='ocrx_word' id='word_1_320' title='bbox 536 2575 581 2624; x_wconf 91' lang='lat' dir='ltr'>hoc</span> <span class='ocrx_word' id='word_1_321' title='bbox 600 2589 669 2625; x_wconf 87' lang='lat' dir='ltr'>revo·</span> <span class='ocrx_word' id='word_1_322' title='bbox 694 2593 738 2639; x_wconf 86' lang='lat' dir='ltr'>per</span> <span class='ocrx_word' id='word_1_323' title='bbox 755 2581 818 2639; x_wconf 88' lang='lat' dir='ltr'>sata,</span> <span class='ocrx_word' id='word_1_324' title='bbox 839 2580 887 2627; x_wconf 85' lang='lat' dir='ltr'>luit</span> <span class='ocrx_word' id='word_1_325' title='bbox 907 2580 933 2627; x_wconf 92' lang='lat' dir='ltr'>in</span> <span class='ocrx_word' id='word_1_326' title='bbox 951 2582 1111 2642; x_wconf 82' lang='lat' dir='ltr'>bethphage,</span> <span class='ocrx_word' id='word_1_327' title='bbox 1128 2584 1175 2631; x_wconf 85' lang='lat' dir='ltr'>fuit</span> <span class='ocrx_word' id='word_1_328' title='bbox 1195 2586 1219 2632; x_wconf 91' lang='lat' dir='ltr'>in</span> 
     </span>
     <span class='ocr_line' id='line_1_33' title="bbox 146 2645 1220 2709; baseline 0.006 -17"><span class='ocrx_word' id='word_1_329' title='bbox 146 2645 214 2694; x_wconf 89' lang='lat' dir='ltr'>catur</span> <span class='ocrx_word' id='word_1_330' title='bbox 224 2647 303 2694; x_wconf 80' lang='lat' dir='ltr'>modo.</span> <span class='ocrx_word' id='word_1_331' title='bbox 315 2648 352 2694; x_wconf 80' lang='lat' dir='ltr'>&#39;l&#39;u</span> <span class='ocrx_word' id='word_1_332' title='bbox 362 2647 453 2706; x_wconf 91' lang='lat' dir='ltr'>autem,</span> <span class='ocrx_word' id='word_1_333' title='bbox 464 2645 508 2704; x_wconf 79' lang='lat' dir='ltr'>ali,</span> <span class='ocrx_word' id='word_1_334' title='bbox 517 2645 557 2705; x_wconf 90' lang='lat' dir='ltr'>qui</span> <span class='ocrx_word' id='word_1_335' title='bbox 567 2658 580 2692; x_wconf 91' lang='lat' dir='ltr'>a</span> <span class='ocrx_word' id='word_1_336' title='bbox 591 2646 669 2704; x_wconf 91' lang='lat' dir='ltr'>primo</span> <span class='ocrx_word' id='word_1_337' title='bbox 694 2649 813 2709; x_wconf 71' lang='lat' dir='ltr'>Ephrem,</span> <span class='ocrx_word' id='word_1_338' title='bbox 824 2647 991 2709; x_wconf 85' lang='lat' dir='ltr'>inBetbania3</span> <span class='ocrx_word' id='word_1_339' title='bbox 1002 2649 1061 2696; x_wconf 89' lang='lat' dir='ltr'>inde</span> <span class='ocrx_word' id='word_1_340' title='bbox 1073 2653 1220 2700; x_wconf 89' lang='lat' dir='ltr'>transivitin</span> 
     </span>
     <span class='ocr_line' id='line_1_34' title="bbox 145 2714 1217 2780; baseline 0.007 -19"><span class='ocrx_word' id='word_1_341' title='bbox 145 2714 205 2763; x_wconf 87' lang='lat' dir='ltr'>tiore</span> <span class='ocrx_word' id='word_1_342' title='bbox 221 2715 333 2775; x_wconf 83' lang='lat' dir='ltr'>pueritiae</span> <span class='ocrx_word' id='word_1_343' title='bbox 351 2728 377 2763; x_wconf 89' lang='lat' dir='ltr'>es</span> <span class='ocrx_word' id='word_1_344' title='bbox 387 2716 465 2763; x_wconf 86' lang='lat' dir='ltr'>haeres</span> <span class='ocrx_word' id='word_1_345' title='bbox 476 2715 603 2774; x_wconf 81' lang='lat' dir='ltr'>Ecclesiae,</span> <span class='ocrx_word' id='word_1_346' title='bbox 615 2729 668 2775; x_wconf 81' lang='lat' dir='ltr'>qua</span> <span class='ocrx_word' id='word_1_347' title='bbox 693 2716 845 2776; x_wconf 89' lang='lat' dir='ltr'>paradisum,</span> <span class='ocrx_word' id='word_1_348' title='bbox 864 2717 907 2762; x_wconf 92' lang='lat' dir='ltr'>ubi</span> <span class='ocrx_word' id='word_1_349' title='bbox 924 2730 951 2764; x_wconf 88' lang='lat' dir='ltr'>se</span> <span class='ocrx_word' id='word_1_350' title='bbox 966 2717 1115 2777; x_wconf 86' lang='lat' dir='ltr'>capiendum</span> <span class='ocrx_word' id='word_1_351' title='bbox 1133 2720 1217 2780; x_wconf 89' lang='lat' dir='ltr'>dedit,</span> 
     </span>
     <span class='ocr_line' id='line_1_35' title="bbox 145 2783 999 2847; baseline 0.004 -18"><span class='ocrx_word' id='word_1_352' title='bbox 145 2784 170 2830; x_wconf 89' lang='lat' dir='ltr'>te</span> <span class='ocrx_word' id='word_1_353' title='bbox 190 2784 299 2844; x_wconf 87' lang='lat' dir='ltr'>suscepit</span> <span class='ocrx_word' id='word_1_354' title='bbox 317 2784 342 2831; x_wconf 88' lang='lat' dir='ltr'>et</span> <span class='ocrx_word' id='word_1_355' title='bbox 363 2784 447 2842; x_wconf 91' lang='lat' dir='ltr'>tenet,</span> <span class='ocrx_word' id='word_1_356' title='bbox 465 2783 622 2842; x_wconf 79' lang='lat' dir='ltr'>perseverato</span> <span class='ocrx_word' id='word_1_357' title='bbox 642 2783 667 2829; x_wconf 91' lang='lat' dir='ltr'>in</span> <span class='ocrx_word' id='word_1_358' title='bbox 693 2798 776 2847; x_wconf 89' lang='lat' dir='ltr'>passus</span> <span class='ocrx_word' id='word_1_359' title='bbox 787 2785 861 2834; x_wconf 90' lang='lat' dir='ltr'>estin</span> <span class='ocrx_word' id='word_1_360' title='bbox 872 2785 999 2845; x_wconf 89' lang='lat' dir='ltr'>Golgotha.</span> 
     </span>
     <span class='ocr_line' id='line_1_36' title="bbox 145 2846 1219 2915; baseline 0.006 -15"><span class='ocrx_word' id='word_1_361' title='bbox 145 2853 281 2914; x_wconf 88' lang='lat' dir='ltr'>proposito,</span> <span class='ocrx_word' id='word_1_362' title='bbox 291 2865 384 2900; x_wconf 90' lang='lat' dir='ltr'>memor</span> <span class='ocrx_word' id='word_1_363' title='bbox 394 2852 477 2912; x_wconf 81' lang='lat' dir='ltr'>gratiae</span> <span class='ocrx_word' id='word_1_364' title='bbox 488 2851 533 2898; x_wconf 91' lang='lat' dir='ltr'>Dei</span> <span class='ocrx_word' id='word_1_365' title='bbox 546 2851 570 2898; x_wconf 88' lang='lat' dir='ltr'>et</span> <span class='ocrx_word' id='word_1_366' title='bbox 581 2846 673 2898; x_wconf 57' lang='lat' dir='ltr'>mune?</span> <span class='ocrx_word' id='word_1_367' title='bbox 722 2853 840 2902; x_wconf 62' lang='lat' dir='ltr'>domnos</span> <span class='ocrx_word' id='word_1_368' title='bbox 851 2855 892 2902; x_wconf 91' lang='lat' dir='ltr'>isti</span> <span class='ocrx_word' id='word_1_369' title='bbox 901 2867 1027 2915; x_wconf 85' lang='lat' dir='ltr'>processus</span> <span class='ocrx_word' id='word_1_370' title='bbox 1035 2855 1124 2906; x_wconf 78' lang='lat' dir='ltr'>anlmae</span> <span class='ocrx_word' id='word_1_371' title='bbox 1133 2857 1219 2906; x_wconf 79' lang='lat' dir='ltr'>nostras</span> 
     </span>
     <span class='ocr_line' id='line_1_37' title="bbox 145 2920 1220 2986; baseline 0.006 -18"><span class='ocrx_word' id='word_1_372' title='bbox 145 2922 193 2981; x_wconf 89' lang='lat' dir='ltr'>ris,</span> <span class='ocrx_word' id='word_1_373' title='bbox 203 2922 267 2982; x_wconf 86' lang='lat' dir='ltr'>quod</span> <span class='ocrx_word' id='word_1_374' title='bbox 283 2932 328 2981; x_wconf 91' lang='lat' dir='ltr'>per</span> <span class='ocrx_word' id='word_1_375' title='bbox 343 2920 522 2980; x_wconf 88' lang='lat' dir='ltr'>impositionem</span> <span class='ocrx_word' id='word_1_376' title='bbox 539 2920 667 2979; x_wconf 88' lang='lat' dir='ltr'>suscepisti</span> <span class='ocrx_word' id='word_1_377' title='bbox 691 2923 762 2980; x_wconf 85' lang='lat' dir='ltr'>sunt,</span> <span class='ocrx_word' id='word_1_378' title='bbox 772 2935 817 2981; x_wconf 90' lang='lat' dir='ltr'>per</span> <span class='ocrx_word' id='word_1_379' title='bbox 829 2936 888 2982; x_wconf 89' lang='lat' dir='ltr'>quos</span> <span class='ocrx_word' id='word_1_380' title='bbox 905 2923 1042 2971; x_wconf 85' lang='lat' dir='ltr'>exercitata</span> <span class='ocrx_word' id='word_1_381' title='bbox 1058 2927 1162 2984; x_wconf 87' lang='lat' dir='ltr'>gratiam</span> <span class='ocrx_word' id='word_1_382' title='bbox 1175 2928 1220 2986; x_wconf 77' lang='lat' dir='ltr'>pia</span> 
     </span>
     <span class='ocr_line' id='line_1_38' title="bbox 145 2986 1219 3053; baseline 0.005 -17"><span class='ocrx_word' id='word_1_383' title='bbox 145 3001 261 3037; x_wconf 86' lang='lat' dir='ltr'>rnanuum</span> <span class='ocrx_word' id='word_1_384' title='bbox 272 2998 397 3045; x_wconf 80' lang='lat' dir='ltr'>mearnm3</span> <span class='ocrx_word' id='word_1_385' title='bbox 408 2988 436 3034; x_wconf 93' lang='lat' dir='ltr'>ut</span> <span class='ocrx_word' id='word_1_386' title='bbox 447 2987 472 3034; x_wconf 97' lang='lat' dir='ltr'>et</span> <span class='ocrx_word' id='word_1_387' title='bbox 484 2986 509 3032; x_wconf 92' lang='lat' dir='ltr'>in</span> <span class='ocrx_word' id='word_1_388' title='bbox 527 2987 573 3034; x_wconf 91' lang='lat' dir='ltr'>hoc</span> <span class='ocrx_word' id='word_1_389' title='bbox 592 2987 667 3047; x_wconf 89' lang='lat' dir='ltr'>gradu</span> <span class='ocrx_word' id='word_1_390' title='bbox 693 2991 854 3039; x_wconf 87' lang='lat' dir='ltr'>institutionis</span> <span class='ocrx_word' id='word_1_391' title='bbox 870 2991 974 3038; x_wconf 89' lang='lat' dir='ltr'>invenit.</span> <span class='ocrx_word' id='word_1_392' title='bbox 987 2993 1045 3038; x_wconf 82' lang='lat' dir='ltr'>llam</span> <span class='ocrx_word' id='word_1_393' title='bbox 1060 2997 1219 3053; x_wconf 83' lang='lat' dir='ltr'>posteaquam</span> 
     </span>
     <span class='ocr_line' id='line_1_39' title="bbox 144 3055 1219 3120; baseline 0.005 -15"><span class='ocrx_word' id='word_1_394' title='bbox 144 3057 210 3105; x_wconf 85' lang='lat' dir='ltr'>sicut</span> <span class='ocrx_word' id='word_1_395' title='bbox 231 3057 257 3103; x_wconf 91' lang='lat' dir='ltr'>in</span> <span class='ocrx_word' id='word_1_396' title='bbox 271 3056 407 3103; x_wconf 83' lang='lat' dir='ltr'>ministerio</span> <span class='ocrx_word' id='word_1_397' title='bbox 428 3068 496 3103; x_wconf 77' lang='lat' dir='ltr'>sacro</span> <span class='ocrx_word' id='word_1_398' title='bbox 510 3055 584 3103; x_wconf 79' lang='lat' dir='ltr'>fidem</span> <span class='ocrx_word' id='word_1_399' title='bbox 601 3059 668 3103; x_wconf 69' lang='lat' dir='ltr'>tuam</span> <span class='ocrx_word' id='word_1_400' title='bbox 693 3060 831 3108; x_wconf 88' lang='lat' dir='ltr'>exclusade</span> <span class='ocrx_word' id='word_1_401' title='bbox 841 3061 953 3120; x_wconf 89' lang='lat' dir='ltr'>paradiso</span> <span class='ocrx_word' id='word_1_402' title='bbox 962 3061 1185 3110; x_wconf 74' lang='lat' dir='ltr'>‹eonditiohmnana</span> <span class='ocrx_word' id='word_1_403' title='bbox 1196 3063 1219 3110; x_wconf 89' lang='lat' dir='ltr'>in</span> 
     </span>
     <span class='ocr_line' id='line_1_40' title="bbox 145 3122 1218 3189; baseline 0.004 -17"><span class='ocrx_word' id='word_1_404' title='bbox 145 3125 297 3173; x_wconf 86' lang='lat' dir='ltr'>demonstres</span> <span class='ocrx_word' id='word_1_405' title='bbox 315 3125 387 3184; x_wconf 89' lang='lat' dir='ltr'>atque</span> <span class='ocrx_word' id='word_1_406' title='bbox 405 3122 567 3182; x_wconf 90' lang='lat' dir='ltr'>industriam,</span> <span class='ocrx_word' id='word_1_407' title='bbox 587 3124 612 3171; x_wconf 91' lang='lat' dir='ltr'>et</span> <span class='ocrx_word' id='word_1_408' title='bbox 624 3136 668 3170; x_wconf 83' lang='lat' dir='ltr'>ex·</span> <span class='ocrx_word' id='word_1_409' title='bbox 695 3127 766 3173; x_wconf 76' lang='lat' dir='ltr'>Adam</span> <span class='ocrx_word' id='word_1_410' title='bbox 775 3127 800 3173; x_wconf 92' lang='lat' dir='ltr'>et</span> <span class='ocrx_word' id='word_1_411' title='bbox 808 3128 868 3184; x_wconf 85' lang='lat' dir='ltr'>Eva,</span> <span class='ocrx_word' id='word_1_412' title='bbox 878 3127 904 3172; x_wconf 92' lang='lat' dir='ltr'>in</span> <span class='ocrx_word' id='word_1_413' title='bbox 915 3128 1041 3175; x_wconf 89' lang='lat' dir='ltr'>castellum</span> <span class='ocrx_word' id='word_1_414' title='bbox 1053 3129 1162 3188; x_wconf 84' lang='lat' dir='ltr'>relegata</span> <span class='ocrx_word' id='word_1_415' title='bbox 1175 3131 1218 3189; x_wconf 89' lang='lat' dir='ltr'>est,</span> 
     </span>
     <span class='ocr_line' id='line_1_41' title="bbox 143 3191 1220 3256; baseline 0.003 -15"><span class='ocrx_word' id='word_1_416' title='bbox 143 3195 239 3253; x_wconf 88' lang='lat' dir='ltr'>spectes</span> <span class='ocrx_word' id='word_1_417' title='bbox 250 3191 473 3239; x_wconf 88' lang='lat' dir='ltr'>remunerationem</span> <span class='ocrx_word' id='word_1_418' title='bbox 491 3192 589 3238; x_wconf 87' lang='lat' dir='ltr'>Domini</span> <span class='ocrx_word' id='word_1_419' title='bbox 599 3192 667 3238; x_wconf 79' lang='lat' dir='ltr'>lesu.</span> <span class='ocrx_word' id='word_1_420' title='bbox 693 3195 774 3254; x_wconf 84' lang='lat' dir='ltr'>vagari</span> <span class='ocrx_word' id='word_1_421' title='bbox 787 3196 862 3255; x_wconf 86' lang='lat' dir='ltr'>coepit</span> <span class='ocrx_word' id='word_1_422' title='bbox 869 3194 917 3242; x_wconf 88' lang='lat' dir='ltr'>hnc</span> <span class='ocrx_word' id='word_1_423' title='bbox 924 3197 996 3256; x_wconf 86' lang='lat' dir='ltr'>atque</span> <span class='ocrx_word' id='word_1_424' title='bbox 1006 3196 1073 3256; x_wconf 89' lang='lat' dir='ltr'>illuc,</span> <span class='ocrx_word' id='word_1_425' title='bbox 1083 3199 1220 3244; x_wconf 86' lang='lat' dir='ltr'>errabunda</span> 
     </span>
     <span class='ocr_line' id='line_1_42' title="bbox 144 3260 1219 3322; baseline 0.002 -15"><span class='ocrx_word' id='word_1_426' title='bbox 144 3263 219 3320; x_wconf 85' lang='lat' dir='ltr'>Vale,</span> <span class='ocrx_word' id='word_1_427' title='bbox 228 3264 254 3310; x_wconf 91' lang='lat' dir='ltr'>et</span> <span class='ocrx_word' id='word_1_428' title='bbox 263 3274 307 3309; x_wconf 92' lang='lat' dir='ltr'>nos</span> <span class='ocrx_word' id='word_1_429' title='bbox 314 3263 341 3307; x_wconf 90' lang='lat' dir='ltr'>ut</span> <span class='ocrx_word' id='word_1_430' title='bbox 350 3261 414 3308; x_wconf 88' lang='lat' dir='ltr'>tilius</span> <span class='ocrx_word' id='word_1_431' title='bbox 421 3260 509 3321; x_wconf 76' lang='lat' dir='ltr'>dilige,</span> <span class='ocrx_word' id='word_1_432' title='bbox 520 3260 578 3322; x_wconf 89' lang='lat' dir='ltr'>quia</span> <span class='ocrx_word' id='word_1_433' title='bbox 588 3272 631 3309; x_wconf 89' lang='lat' dir='ltr'>nos</span> <span class='ocrx_word' id='word_1_434' title='bbox 641 3260 667 3307; x_wconf 94' lang='lat' dir='ltr'>te</span> <span class='ocrx_word' id='word_1_435' title='bbox 694 3260 869 3307; x_wconf 84' lang='lat' dir='ltr'>circumferens</span> <span class='ocrx_word' id='word_1_436' title='bbox 875 3260 978 3321; x_wconf 82' lang='lat' dir='ltr'>vestigia</span> <span class='ocrx_word' id='word_1_437' title='bbox 987 3261 1040 3308; x_wconf 77' lang='lat' dir='ltr'>sinc</span> <span class='ocrx_word' id='word_1_438' title='bbox 1049 3260 1100 3307; x_wconf 90' lang='lat' dir='ltr'>ulto</span> <span class='ocrx_word' id='word_1_439' title='bbox 1108 3263 1219 3310; x_wconf 85' lang='lat' dir='ltr'>delectu:</span> 
     </span>
     <span class='ocr_line' id='line_1_43' title="bbox 146 3327 1220 3399; baseline 0.003 -24"><span class='ocrx_word' id='word_1_440' title='bbox 146 3329 275 3387; x_wconf 74' lang='lat' dir='ltr'>diligimus.</span> <span class='ocrx_word' id='word_1_441' title='bbox 367 3385 442 3399; x_wconf 77' lang='lat'><em>...-</em></span> <span class='ocrx_word' id='word_1_442' title='bbox 693 3327 736 3375; x_wconf 88' lang='lat' dir='ltr'>sed</span> <span class='ocrx_word' id='word_1_443' title='bbox 747 3329 857 3387; x_wconf 88' lang='lat' dir='ltr'>tempore</span> <span class='ocrx_word' id='word_1_444' title='bbox 868 3329 1012 3388; x_wconf 89' lang='lat' dir='ltr'>complacito</span> <span class='ocrx_word' id='word_1_445' title='bbox 1020 3329 1068 3376; x_wconf 88' lang='lat' dir='ltr'>sibi</span> <span class='ocrx_word' id='word_1_446' title='bbox 1076 3331 1220 3378; x_wconf 83' lang='lat' dir='ltr'>onirranivit</span> 
     </span>
     <span class='ocr_line' id='line_1_44' title="bbox 693 3392 1221 3454; baseline 0.013 -17"><span class='ocrx_word' id='word_1_447' title='bbox 693 3405 718 3438; x_wconf 87' lang='lat' dir='ltr'>se</span> <span class='ocrx_word' id='word_1_448' title='bbox 728 3392 844 3440; x_wconf 90' lang='lat' dir='ltr'>Dominus</span> <span class='ocrx_word' id='word_1_449' title='bbox 854 3394 933 3454; x_wconf 86' lang='lat' dir='ltr'>lesus,</span> <span class='ocrx_word' id='word_1_450' title='bbox 939 3396 967 3442; x_wconf 93' lang='lat' dir='ltr'>ut</span> <span class='ocrx_word' id='word_1_451' title='bbox 973 3396 1084 3442; x_wconf 84' lang='lat' dir='ltr'>exsulem</span> <span class='ocrx_word' id='word_1_452' title='bbox 1096 3395 1122 3443; x_wconf 91' lang='lat' dir='ltr'>in</span> <span class='ocrx_word' id='word_1_453' title='bbox 1134 3410 1161 3445; x_wconf 91' lang='lat' dir='ltr'>se</span> <span class='ocrx_word' id='word_1_454' title='bbox 1172 3409 1221 3444; x_wconf 89' lang='lat' dir='ltr'>sns-</span> 
     </span>
     <span class='ocr_line' id='line_1_45' title="bbox 242 3458 1219 3524; baseline 0.004 -14"><span class='ocrx_word' id='word_1_455' title='bbox 242 3458 432 3511; x_wconf 83' lang='lat' dir='ltr'><strong>EPISTOLA</strong></span> <span class='ocrx_word' id='word_1_456' title='bbox 454 3459 579 3513; x_wconf 79' lang='lat' dir='ltr'><strong>LXXII.</strong></span> <span class='ocrx_word' id='word_1_457' title='bbox 694 3460 801 3520; x_wconf 86' lang='lat' dir='ltr'>ciperet,</span> <span class='ocrx_word' id='word_1_458' title='bbox 817 3461 941 3520; x_wconf 13' lang='lat' dir='ltr'>etvveteri</span> <span class='ocrx_word' id='word_1_459' title='bbox 960 3463 1106 3512; x_wconf 76' lang='lat' dir='ltr'>reformaret</span> <span class='ocrx_word' id='word_1_460' title='bbox 1127 3466 1219 3524; x_wconf 78' lang='lat' dir='ltr'>gratie.</span> 
     </span>
     <span class='ocr_line' id='line_1_46' title="bbox 693 3529 1221 3589; baseline 0.013 -15"><span class='ocrx_word' id='word_1_461' title='bbox 693 3531 777 3589; x_wconf 88' lang='lat' dir='ltr'>ltaque</span> <span class='ocrx_word' id='word_1_462' title='bbox 788 3529 915 3578; x_wconf 82' lang='lat' dir='ltr'>inventam</span> <span class='ocrx_word' id='word_1_463' title='bbox 930 3545 1030 3580; x_wconf 86' lang='lat' dir='ltr'>recurso</span> <span class='ocrx_word' id='word_1_464' title='bbox 1047 3534 1171 3581; x_wconf 81' lang='lat' dir='ltr'>anfractu</span> <span class='ocrx_word' id='word_1_465' title='bbox 1183 3548 1221 3582; x_wconf 89' lang='lat' dir='ltr'>er-</span> 
     </span>
    </p>
   </div>
   <div class='ocr_carea' id='block_1_5' title="bbox 144 3564 1222 3669">
    <p class='ocr_par' dir='ltr' id='par_1_6' title="bbox 144 3564 1222 3669">
     <span class='ocr_line' id='line_1_47' title="bbox 144 3564 1023 3614; baseline -0.002 -9"><span class='ocrx_word' id='word_1_466' title='bbox 144 3564 191 3605; x_wconf 79' lang='lat' dir='ltr'>Post</span> <span class='ocrx_word' id='word_1_467' title='bbox 209 3566 276 3605; x_wconf 85' lang='lat' dir='ltr'>varios</span> <span class='ocrx_word' id='word_1_468' title='bbox 291 3565 379 3614; x_wconf 81' lang='lat' dir='ltr'>gradus.</span> <span class='ocrx_word' id='word_1_469' title='bbox 390 3565 449 3614; x_wconf 82' lang='lat' dir='ltr'>queis</span> <span class='ocrx_word' id='word_1_470' title='bbox 460 3565 532 3603; x_wconf 81' lang='lat' dir='ltr'>anima</span> <span class='ocrx_word' id='word_1_471' title='bbox 548 3565 603 3614; x_wconf 87' lang='lat' dir='ltr'>lapsa</span> <span class='ocrx_word' id='word_1_472' title='bbox 618 3576 638 3604; x_wconf 90' lang='lat' dir='ltr'>se</span> <span class='ocrx_word' id='word_1_473' title='bbox 648 3576 669 3604; x_wconf 86' lang='lat' dir='ltr'>se</span> <span class='ocrx_word' id='word_1_474' title='bbox 735 3597 741 3608; x_wconf 89' lang='grc'><strong><em>,</em></strong></span> <span class='ocrx_word' id='word_1_475' title='bbox 870 3599 876 3610; x_wconf 86' lang='grc'>,</span> <span class='ocrx_word' id='word_1_476' title='bbox 1017 3601 1023 3612; x_wconf 79' lang='grc'>,</span> 
     </span>
     <span class='ocr_line' id='line_1_48' title="bbox 168 3599 1222 3669; baseline 0.003 -12"><span class='ocrx_word' id='word_1_477' title='bbox 168 3623 260 3668; x_wconf 81' lang='lat' dir='ltr'>reparat,</span> <span class='ocrx_word' id='word_1_478' title='bbox 267 3631 330 3669; x_wconf 85' lang='lat' dir='ltr'>supra</span> <span class='ocrx_word' id='word_1_479' title='bbox 339 3619 508 3667; x_wconf 84' lang='lat' dir='ltr'>descriptos,hic</span> <span class='ocrx_word' id='word_1_480' title='bbox 515 3620 593 3657; x_wconf 89' lang='lat' dir='ltr'>animae</span> <span class='ocrx_word' id='word_1_481' title='bbox 602 3620 669 3658; x_wconf 85' lang='lat' dir='ltr'>tidelis</span> <span class='ocrx_word' id='word_1_482' title='bbox 694 3610 754 3644; x_wconf 67' lang='lat' dir='ltr'>som</span> <span class='ocrx_word' id='word_1_483' title='bbox 764 3599 888 3646; x_wconf 60' lang='lat' dir='ltr'><strong>remam</strong></span> <span class='ocrx_word' id='word_1_484' title='bbox 899 3600 930 3646; x_wconf 62' lang='lat' dir='ltr'>ad</span> <span class='ocrx_word' id='word_1_485' title='bbox 940 3601 1081 3658; x_wconf 52' lang='lat' dir='ltr'><strong>paramum</strong></span> <span class='ocrx_word' id='word_1_486' title='bbox 1088 3634 1096 3660; x_wconf 84' lang='lat' dir='ltr'>s</span> <span class='ocrx_word' id='word_1_487' title='bbox 1104 3603 1133 3649; x_wconf 65' lang='lat' dir='ltr'>Ut</span> <span class='ocrx_word' id='word_1_488' title='bbox 1141 3605 1222 3651; x_wconf 65' lang='lat' dir='ltr'>Em·</span> 
     </span>
    </p>
   </div>
   <div class='ocr_carea' id='block_1_6' title="bbox 165 3666 1220 4001">
    <p class='ocr_par' dir='ltr' id='par_1_7' title="bbox 165 3666 1220 4001">
     <span class='ocr_line' id='line_1_49' title="bbox 165 3666 928 3724; baseline 0.003 -12"><span class='ocrx_word' id='word_1_489' title='bbox 165 3673 268 3712; x_wconf 82' lang='lat' dir='ltr'>achrtsto</span> <span class='ocrx_word' id='word_1_490' title='bbox 273 3675 381 3721; x_wconf 84' lang='lat' dir='ltr'>susceptio,</span> <span class='ocrx_word' id='word_1_491' title='bbox 386 3673 506 3711; x_wconf 87' lang='lat' dir='ltr'>eruditioel</span> <span class='ocrx_word' id='word_1_492' title='bbox 514 3676 668 3711; x_wconf 87' lang='lat' dir='ltr'>consummatio</span> <span class='ocrx_word' id='word_1_493' title='bbox 693 3666 751 3724; x_wconf 76' lang='lat' dir='ltr'>gelli</span> <span class='ocrx_word' id='word_1_494' title='bbox 761 3666 831 3714; x_wconf 90' lang='lat' dir='ltr'>docet</span> <span class='ocrx_word' id='word_1_495' title='bbox 844 3666 928 3714; x_wconf 69' lang='lat' dir='ltr'>lectio.</span> 
     </span>
     <span class='ocr_line' id='line_1_50' title="bbox 166 3726 1220 3798; baseline 0.003 -32"><span class='ocrx_word' id='word_1_496' title='bbox 166 3726 335 3790; x_wconf 62' lang='lat' dir='ltr'>considerantum</span> <span class='ocrx_word' id='word_1_497' title='bbox 344 3726 507 3790; x_wconf 75' lang='lat' dir='ltr'>ostenditurque</span> <span class='ocrx_word' id='word_1_498' title='bbox 516 3726 538 3762; x_wconf 92' lang='lat' dir='ltr'>in</span> <span class='ocrx_word' id='word_1_499' title='bbox 546 3727 668 3765; x_wconf 78' lang='lat' dir='ltr'>christini·</span> <span class='ocrx_word' id='word_1_500' title='bbox 724 3735 747 3781; x_wconf 58' lang='lat'>5,</span> <span class='ocrx_word' id='word_1_501' title='bbox 759 3736 805 3782; x_wconf 66' lang='lat' dir='ltr'>per</span> <span class='ocrx_word' id='word_1_502' title='bbox 823 3735 875 3784; x_wconf 69' lang='lat' dir='ltr'><strong>sata</strong></span> <span class='ocrx_word' id='word_1_503' title='bbox 891 3748 946 3782; x_wconf 56' lang='lat' dir='ltr'>eam</span> <span class='ocrx_word' id='word_1_504' title='bbox 961 3736 1050 3796; x_wconf 60' lang='lat' dir='ltr'>duxit,</span> <span class='ocrx_word' id='word_1_505' title='bbox 1061 3737 1091 3785; x_wconf 62' lang='lat' dir='ltr'>ut</span> <span class='ocrx_word' id='word_1_506' title='bbox 1107 3737 1220 3798; x_wconf 61' lang='lat' dir='ltr'>jejunam</span> 
     </span>
     <span class='ocr_line' id='line_1_51' title="bbox 165 3779 1220 3884; baseline 0.008 -38"><span class='ocrx_word' id='word_1_507' title='bbox 165 3779 670 3884; x_wconf 53' lang='lat' dir='ltr'>ffiffi&#39;m‘&#39;md‘m‘³¹¹¹¹¹¹⁸⁹¹&#39;‘⁰⁸‘²⁸⁸”³</span> <span class='ocrx_word' id='word_1_508' title='bbox 694 3805 820 3864; x_wconf 88' lang='lat' dir='ltr'>pasceret,</span> <span class='ocrx_word' id='word_1_509' title='bbox 837 3805 944 3864; x_wconf 88' lang='lat' dir='ltr'>primum</span> <span class='ocrx_word' id='word_1_510' title='bbox 963 3805 990 3852; x_wconf 90' lang='lat' dir='ltr'>in</span> <span class='ocrx_word' id='word_1_511' title='bbox 1007 3806 1118 3866; x_wconf 88' lang='lat' dir='ltr'>deserto,</span> <span class='ocrx_word' id='word_1_512' title='bbox 1131 3808 1220 3854; x_wconf 87' lang='lat' dir='ltr'>deinde</span> 
     </span>
     <span class='ocr_line' id='line_1_52' title="bbox 227 3872 1220 3959; baseline 0.008 -45"><span class='ocrx_word' id='word_1_513' title='bbox 227 3934 238 3950; x_wconf 77' lang='lat'>.·</span> <span class='ocrx_word' id='word_1_514' title='bbox 253 3905 391 3959; x_wconf 47' lang='lat' dir='ltr'><strong><em>Ambrosius</em></strong></span> <span class='ocrx_word' id='word_1_515' title='bbox 404 3905 563 3954; x_wconf 49' lang='lat' dir='ltr'><strong>Horontiano·</strong></span> <span class='ocrx_word' id='word_1_516' title='bbox 694 3874 720 3918; x_wconf 91' lang='lat' dir='ltr'>in</span> <span class='ocrx_word' id='word_1_517' title='bbox 731 3872 910 3953; x_wconf 72' lang='lat' dir='ltr'>Capharnaum,</span> <span class='ocrx_word' id='word_1_518' title='bbox 927 3874 978 3934; x_wconf 87' lang='lat' dir='ltr'>agri</span> <span class='ocrx_word' id='word_1_519' title='bbox 996 3886 1045 3921; x_wconf 93' lang='lat' dir='ltr'>non</span> <span class='ocrx_word' id='word_1_520' title='bbox 1064 3875 1134 3921; x_wconf 86' lang='lat' dir='ltr'>urbis</span> <span class='ocrx_word' id='word_1_521' title='bbox 1155 3874 1220 3922; x_wconf 90' lang='lat' dir='ltr'>inco·</span> 
     </span>
     <span class='ocr_line' id='line_1_53' title="bbox 694 3941 1220 4001; baseline 0.004 -14"><span class='ocrx_word' id='word_1_522' title='bbox 694 3942 744 3987; x_wconf 88' lang='lat' dir='ltr'>latu</span> <span class='ocrx_word' id='word_1_523' title='bbox 757 3954 764 3986; x_wconf 73' lang='grc' dir='ltr'><strong><em>ε</em></strong></span> <span class='ocrx_word' id='word_1_524' title='bbox 777 3941 865 3989; x_wconf 81' lang='lat' dir='ltr'>deinde</span> <span class='ocrx_word' id='word_1_525' title='bbox 874 3944 945 4000; x_wconf 77' lang='lat' dir='ltr'>Juxta</span> <span class='ocrx_word' id='word_1_526' title='bbox 956 3943 1015 3990; x_wconf 86' lang='lat' dir='ltr'>lines</span> <span class='ocrx_word' id='word_1_527' title='bbox 1025 3943 1148 4001; x_wconf 88' lang='lat' dir='ltr'>Zabulon,</span> <span class='ocrx_word' id='word_1_528' title='bbox 1157 3945 1220 3992; x_wconf 88' lang='lat' dir='ltr'>circa</span> 
     </span>
    </p>
   </div>
   <div class='ocr_carea' id='block_1_7' title="bbox 145 4003 1222 4148">
    <p class='ocr_par' dir='ltr' id='par_1_8' title="bbox 145 4003 1222 4148">
     <span class='ocr_line' id='line_1_54' title="bbox 175 4003 1222 4072; baseline 0.001 -15"><span class='ocrx_word' id='word_1_529' title='bbox 175 4012 198 4058; x_wconf 90' lang='lat' dir='ltr'>l.</span> <span class='ocrx_word' id='word_1_530' title='bbox 216 4011 364 4059; x_wconf 78' lang='lat' dir='ltr'>Surnnronn</span> <span class='ocrx_word' id='word_1_531' title='bbox 378 4009 480 4070; x_wconf 86' lang='lat' dir='ltr'>epistola</span> <span class='ocrx_word' id='word_1_532' title='bbox 490 4009 521 4056; x_wconf 90' lang='lat' dir='ltr'>de</span> <span class='ocrx_word' id='word_1_533' title='bbox 539 4021 569 4056; x_wconf 89' lang='lat' dir='ltr'>ea</span> <span class='ocrx_word' id='word_1_534' title='bbox 586 4010 669 4058; x_wconf 88' lang='lat' dir='ltr'>anima</span> <span class='ocrx_word' id='word_1_535' title='bbox 693 4011 811 4058; x_wconf 88' lang='lat' dir='ltr'>nocturna</span> <span class='ocrx_word' id='word_1_536' title='bbox 825 4011 962 4072; x_wconf 76' lang='lat' dir='ltr'>profluvia,</span> <span class='ocrx_word' id='word_1_537' title='bbox 977 4003 1068 4071; x_wconf 86' lang='lat' dir='ltr'>id‘est,</span> <span class='ocrx_word' id='word_1_538' title='bbox 1087 4013 1222 4072; x_wconf 87' lang='lat' dir='ltr'>propbeta·</span> 
     </span>
     <span class='ocr_line' id='line_1_55' title="bbox 145 4076 1222 4148; baseline 0.003 -23"><span class='ocrx_word' id='word_1_539' title='bbox 145 4090 280 4146; x_wconf 81' lang='lat' dir='ltr'>aennonem</span> <span class='ocrx_word' id='word_1_540' title='bbox 291 4078 448 4148; x_wconf 79' lang='lat' dir='ltr'>contulimus3</span> <span class='ocrx_word' id='word_1_541' title='bbox 457 4089 512 4140; x_wconf 82' lang='lat' dir='ltr'>quae</span> <span class='ocrx_word' id='word_1_542' title='bbox 521 4076 620 4128; x_wconf 88' lang='lat' dir='ltr'>itineris</span> <span class='ocrx_word' id='word_1_543' title='bbox 629 4079 668 4129; x_wconf 91' lang='lat' dir='ltr'>sut</span> <span class='ocrx_word' id='word_1_544' title='bbox 693 4090 748 4127; x_wconf 89' lang='lat' dir='ltr'>rum</span> <span class='ocrx_word' id='word_1_545' title='bbox 766 4079 904 4128; x_wconf 83' lang='lat' dir='ltr'>obscuriora</span> <span class='ocrx_word' id='word_1_546' title='bbox 920 4079 1062 4141; x_wconf 78' lang='lat' dir='ltr'>anigmata3</span> <span class='ocrx_word' id='word_1_547' title='bbox 1077 4082 1105 4128; x_wconf 92' lang='lat' dir='ltr'>ut</span> <span class='ocrx_word' id='word_1_548' title='bbox 1116 4079 1222 4130; x_wconf 83' lang='lat' dir='ltr'>disceret</span> 
     </span>
    </p>
   </div>
   <div class='ocr_carea' id='block_1_8' title="bbox 0 0 1385 4800">
    <p class='ocr_par' dir='ltr' id='par_1_9' title="bbox 0 0 1385 4800">
     <span class='ocr_line' id='line_1_56' title="bbox 0 0 1385 4800; baseline 0 0"><span class='ocrx_word' id='word_1_549' title='bbox 0 0 1385 4800; x_wconf 95' lang='lat' dir='ltr'> </span> 
     </span>
    </p>
   </div>
  </div>
 </body>
</html>
