2760 4800
473 403 718 451 EPISTOLARUM
733 402 867 448 crassis
883 402 900 444 l.
1182 395 1226 444 all

143 492 186 545 toti
195 491 277 542 crima
286 485 351 550 ejus?
362 487 421 536 Nam
432 500 488 537 cnm
503 489 607 536 allorum
623 485 674 533 ani·
698 465 851 532 delitescant.
862 481 992 541 Nihilergo
1001 479 1226 542 praejudicatpecu-
1319 515 1321 519 ,

143 575 197 610 mas
211 559 341 622 peccatum
354 557 461 606 transeat
478 555 590 619 (terrum
607 555 674 603 enim
698 555 752 614 nia,
761 550 1223 614 quaeplernmme.sibidominosemitc

143 631 274 693 peccatum
290 629 344 687 est,
360 627 424 688 quod
439 628 477 675 est
494 623 673 687 penetrabile)
698 624 762 669 nihil
773 623 862 670 tabulae
873 620 1041 680 auctionales,
1051 620 1226 680 quibusemtor

143 698 236 759 loseph
245 695 323 747 saneti
331 695 416 742 anima
426 694 461 743 ita
468 707 516 743 non
525 694 606 754 patuit
616 707 675 754 pec·
698 690 841 750 frequenter
850 689 1004 747 adiudicatus
1012 690 1086 750 atque
1094 688 1225 739 addicitur.

145 769 215 827 cato,
230 767 259 815 nt
268 764 346 824 maris
356 767 486 824 peccatum
497 765 550 823 ipsa
560 763 675 822 penetra·
698 761 869 807 courencrus
878 770 934 807 nou
944 758 1024 807 mutat
1033 768 1122 818 genus,
1132 772 1179 808 nec
1189 773 1227 807 sa·

144 836 193 884 ret.
201 835 315 895 Denique
322 833 460 881 necberilis
467 832 589 879 illecebrae
594 830 675 879 flexus
698 826 799 886 pientiae
810 826 951 874 libertatem
959 826 1056 873 adimit.
1066 826 1180 888 Denique
1190 826 1228 874 ia-

145 905 183 953 est
189 903 365 962 delinimento,
376 914 423 950 nec
431 901 554 948 immerito
565 900 675 947 tlammas
697 897 764 944 mulo
776 894 881 956 sapienti
893 897 982 955 multi,
1000 896 1029 944 ut
1042 896 1159 956 scripturn
1175 899 1226 959 est,

145 971 408 1030 consensitlibidinis3
420 969 673 1030 quiamajorcdivinae
698 965 810 1013 serviunt
827 965 900 1012 liberi
917 977 925 1010 a
944 966 970 1012 et
981 965 1019 1012 est
1032 977 1117 1012 servus
1132 965 1227 1014 intelli-

145 1039 264 1100 ssaqrabat
278 1039 365 1087 ardore
380 1039 474 1099 gratiae.
492 1038 564 1084 Unde
582 1038 608 1084 et
626 1038 674 1084 boc
698 1044 774 1094 gens,
786 1034 828 1093 qni
839 1034 908 1092 regat
918 1032 1028 1081 dominos
1039 1033 1134 1083 stultos.

145 1109 233 1169 pulcre
241 1108 272 1156 de
280 1108 414 1157 aedictum
422 1108 459 1154 est
470 1117 478 1152 r
490 1109 550 1167 Quia
558 1106 675 1166 eloquium
729 1101 767 1148 lic.
775 1104 854 1160 Quem
863 1113 919 1160 erqo
928 1101 1003 1160 magis
1013 1101 1117 1148 liberum
1127 1099 1228 1150 censest

145 1178 309 1226 maduisse
319 1191 386 1238 eccm3
403 1188 451 1238 quo
461 1174 577 1224 restinxit
587 1174 675 1234 ignitus
699 1171 753 1218 Sela
765 1172 802 1218 est
812 1169 932 1230 sapientia
942 1170 1035 1228 libera,
1045 1182 1100 1229 quse
1108 1170 1228 1221 divitibus

146 1243 356 1304 diabottsassittas.
698 1252 820 1300 pauperes
834 1237 950 1299 praeficit,
968 1239 994 1286 et
1008 1251 1063 1298 qnae
1078 1250 1160 1286 servos
1171 1252 1227 1300 pro-

176 1313 217 1362 tl.
225 1314 349 1373 Quomodo
356 1312 397 1361 hic
405 1321 505 1372 servus,
515 1312 559 1373 qni
567 1311 675 1360 erudivit
699 1309 759 1367 prlis
769 1309 889 1355 foenerare
907 1307 1012 1355 dominis
1023 1305 1082 1354 tacit
1091 1320 1098 1353 τ
1107 1307 1227 1356 toenerarc

111 1385 113 1388 ’
145 1382 272 1445 principes
278 1383 364 1443 populi
372 1383 399 1429 in
409 1383 452 1430 illa
461 1381 620 1430 frumentaria
628 1381 676 1427 dis·
698 1389 747 1424 non
758 1376 888 1437 pecuniam
897 1408 905 1435 ,
915 1376 959 1423 sed
968 1374 1121 1424 intellectum
1133 1390 1139 1421 a
1150 1375 1227 1424 toene
1330 1423 1335 1433 .

146 1452 305 1514 pensatione3
323 1449 551 1510 nttuturaeinopiee
562 1445 676 1497 consule·
698 1444 1226 1506 raretalentumilliasDominiciaetemiquc

146 1519 205 1568 rent
213 1519 240 1566 'et
252 1515 426 1579 providerentt
436 1517 483 1564 Aut
496 1517 616 1576 quomodo
625 1528 675 1564 ser·
699 1513 823 1575 thesauri,
841 1514 884 1574 qui
896 1526 1031 1574 numquam
1045 1515 1225 1574 corrumpitur,

146 1601 209 1648 rus,
224 1588 268 1648 qui
285 1587 361 1636 totam
374 1588 468 1635 terram
483 1586 630 1646 adquisivit,
650 1584 675 1632 et
699 1582 768 1641 cujns
785 1583 811 1631 et
825 1595 898 1631 usura
913 1582 1020 1643 pretiosa
1038 1583 1093 1631 est:
1105 1583 1227 1631 ioeneraro

146 1653 675 1716 universnmpopulnmlllgyptioruminser·
699 1651 760 1697 illud
768 1651 927 1712 intelligibile
936 1650 1089 1711 eloquiorum
1097 1653 1225 1712 argentum

146 1724 253 1775 vitutem
271 1721 380 1782 redegit?
397 1723 450 1772 Non
465 1723 493 1769 ut
510 1722 675 1769 conditionem
699 1720 851 1780 coelestinm,
868 1721 898 1771 de
914 1733 963 1780 quo
981 1721 1034 1767 Lex
1052 1718 1131 1767 dicits
1143 1723 1226 1769 Foeae-

135 1792 245 1843 .servitii
262 1791 378 1853 ignobilis
393 1790 525 1850 irroga-ret,
535 1790 579 1837 sed
594 1790 621 1837 ut
631 1790 675 1837 tri·
698 1788 762 1836 retia
777 1789 896 1848 pacalibus,
911 1792 938 1837 tc
950 1791 1030 1836 autem
1044 1801 1093 1835 scon
1106 1790 1227 1837 mutuabe-

146 1859 235 1913 buum
246 1856 421 1921 'constitueret
440 1861 530 1920 praeter
545 1859 676 1919 possessio·
698 1858 740 1904 ric.
751 1857 821 1915 Quod
831 1856 948 1904 Hebraeus
959 1856 1089 1904 toeneravit
1099 1857 1226 1921 gentibus,

146 1942 208 1979 nem
223 1929 308 1978 minen
318 1928 508 1986 sacerdotalem,
519 1938 591 1986 quam
603 1937 617 1972 a
631 1927 675 1972 tri·
699 1923 751 1984 ipse
762 1925 845 1972 autern
854 1936 904 1972 non
916 1924 1012 1984 accepit
1030 1937 1045 1971 a
1059 1926 1157 1984 populis
1171 1925 1225 1974 doc·

147 1999 216 2048 bntis
234 1998 370 2046 immunem
391 1995 542 2053 reservavit3
564 1995 594 2042 nt
611 1995 676 2054 apud
699 1993 803 2053 trinam,
821 1994 865 2041 sed
877 1992 996 2042 tradidit:
1011 1993 1051 2041 cui
1062 1993 1160 2053 aperuit
1177 1995 1226 2042 Do·

148 2064 272 2125 egyptios
281 2074 379 2124 qnoque
388 2059 676 2111 inuiolablllsnaberetur
699 2062 780 2110 minus
790 2062 933 2110 thesaurum
940 2074 1027 2122 sunm,
1037 2062 1066 2109 ut
1077 2063 1162 2121 gentes
1173 2065 1227 2124 pln-

148 2133 237 2193 relicto
245 2131 411 2180 sacerdotalis.
699 2129 739 2177 ria
749 2130 868 2178 sermonis
879 2131 917 2178 sui
927 2130 1019 2179 taceret
1029 2130 1188 2190 humescere,
1201 2134 1227 2180 et

179 2198 498 2260 taltonteclttgltureum
509 2208 677 2248 serrnmren·
699 2197 770 2248 fieret
788 2200 903 2260 princeps
922 2201 1048 2260 gentium,
1068 2199 1122 2260 ipse
1142 2202 1225 2250 autem

110 2298 113 2305 ·
148 2269 224 2330 dtti03
241 2281 299 2316 nam
315 2267 403 2329 ntique
415 2268 609 2327 negotiatoribus
623 2268 677 2315 erat
700 2282 773 2331 supra
787 2283 814 2319 se
824 2271 964 2332 principem
975 2271 1070 2329 nullum
1083 2272 1194 2319 baberet.
1215 2275 1220 2326 ζ

147 2339 264 2390 venditus
278 2350 286 2385 a
301 2350 389 2387 rernm
406 2337 428 2386 si
443 2338 552 2397 preli-um
567 2337 675 2399 spectes,
730 2341 768 2388 ld.
787 2341 861 2388 Liber
873 2343 911 2388 cst
926 2352 983 2399 erqo
1000 2340 1042 2399 qui
1056 2338 1155 2401 sapiens
1173 2342 1226 2401 est,

148 2406 533 2467 multosinveniesqui'cmernnt
546 2407 674 2467 sibipuel-
699 2410 779 2469 pretio
800 2410 881 2457 emtus
902 2410 1053 2457 oraculorum
1074 2409 1225 2468 coelestium,

148 2477 302 2528 tulmiormae
312 2475 478 2542 elegantioris,
484 2489 587 2537 quarum
594 2489 675 2526 amore
701 2479 743 2527 illo
754 2490 829 2538 auro,
842 2479 884 2525 illo
892 2477 993 2538 argento
1005 2476 1123 2525 sermonis
1133 2477 1211 2526 divini
1218 2492 1233 2525 :1

149 2545 228 2607 cepti,
255 2546 323 2606 turpi
342 2543 446 2594 servitte
466 2558 520 2593 sese
545 2546 675 2596 dederunt.
699 2547 778 2607 pretio
793 2547 873 2595 emtus
883 2545 1009 2607 sanguinis
1020 2544 1029 2609 (
1039 2558 1088 2594 non
1100 2547 1166 2599 enim
1181 2548 1227 2595 mt-

149 2613 284 2663 Videbatur
294 2616 386 2674 apeme
404 2614 541 2661 concubina
555 2615 625 2662 Darii
636 2628 676 2662 re-
699 2615 794 2662 nimum
803 2616 840 2662 est
848 2617 966 2663 amtorem
975 2627 1104 2676 agnoscere
1116 2613 1135 2677 );
1146 2617 1228 2676 pretio

149 2680 188 2743 qis
196 2681 284 2730 sedens
294 2682 325 2729 ad
335 2680 463 2728 dexteram
479 2680 548 2740 eins,
563 2681 677 2730 auterens
700 2683 780 2730 emtus
790 2684 892 2741 gratiae,
907 2685 949 2742 qui
961 2683 1057 2730 audivit
1067 2685 1094 2732 et
1103 2684 1228 2735 intellexit

149 2750 272 2811 decapite
288 2749 342 2808 eius
357 2748 485 2806 diadema,
503 2750 529 2795 et
539 2762 583 2796 sno
597 2749 677 2809 impo-
701 2750 826 2799 dicentem
838 2765 845 2797 ε
858 2753 903 2813 Qui
912 2754 996 2808 sititis,
1008 2752 1039 2797 iic
1049 2753 1080 2798 ad
1092 2767 1193 2813 nquam3
1205 2759 1226 2800 ct

148 2831 211 2868 ncnc
221 2818 324 2876 rertici‚
335 2816 424 2876 palmis
434 2815 525 2864 taciem
535 2817 589 2876 ejus
605 2819 678 2866 sinis·
702 2823 839 2880 quicumque
858 2833 907 2867 aon
926 2820 1015 2868 bebetis
1029 2822 1164 2879 crqeatam,
1179 2824 1210 2869 c'tc
1217 2854 1226 2880 ,

148 2889 187 2937 tra
198 2899 274 2934 manu
283 2885 416 2932 verberans
426 2897 433 2930 a
445 2896 519 2944 quarn
533 2898 580 2932 rex
593 2887 678 2945 aperto
701 2890 783 2946 emite,
794 2892 816 2936 ct
827 2888 910 2945 bibite,
920 2892 941 2935 ct
952 2889 1099 2935 manducate.

148 2967 193 3004 ore
201 2952 352 3011 intuebatur,
363 2952 471 3011 gaudens
479 2953 501 3001 si
511 2956 608 3013 quando
619 2956 679 3002 arri-
732 2956 771 3003 lo.
782 2955 856 3004 Liber
867 2957 904 3003 est
912 2956 971 3014 ille,
982 2955 1024 3014 qni
1033 2955 1191 3015 progrediens
1201 2957 1227 3006 in

149 3021 221 3071 deret
232 3021 256 3069 ei
266 3021 356 3068 mulier
368 3034 376 3067 a
388 3021 454 3081 quod
465 3022 485 3069 si
497 3035 526 3069 ea
538 3023 679 3084 indignare·
701 3025 809 3082 bellurn,
819 3023 840 3071 si
850 3023 941 3070 viderit
948 3023 1080 3071 mulierem
1090 3024 1178 3070 bonam
1187 3025 1229 3072 ad·

150 3092 205 3151 tur,
220 3089 338 3137 miserum
350 3101 377 3136 se
387 3089 461 3150 etque
477 3090 597 3145 afflictum
606 3093 678 3152 puta-
702 3091 796 3152 spectu,
808 3092 834 3139 et
842 3091 995 3151 depraedatns
1003 3103 1062 3151 opes
1070 3089 1228 3140 inimicorum

149 3160 204 3219 ret3
220 3159 248 3206 ut
265 3158 386 3219 potestate
397 3157 531 3219 submissa,
547 3159 679 3211 blanditias
702 3173 811 3220 snorum,
818 3162 940 3219 repertam
948 3159 1001 3206 illle
1008 3159 1229 3219 concupieritcam,

150 3228 293 3288 obtexeret,
303 3226 679 3291 etconciliarisibieamdepre·
702 3227 792 3278 demtis
801 3228 945 3289 superfluis,
962 3229 988 3276 et
998 3228 1141 3277 indumento
1152 3229 1230 3290 capti·

151 3298 258 3345 caretur.
625 3341 631 3357 ,
703 3297 787 3347 vitatis
797 3297 923 3356 detracto,
938 3296 966 3342 in
976 3308 1079 3344 uxorem
1090 3295 1138 3344 sibi
1155 3309 1230 3357 copu-

183 3364 222 3412 la.
240 3363 289 3411 Sed
305 3363 366 3426 qnid
381 3365 428 3414 ista
441 3377 530 3428 magno
545 3368 679 3430 allegamus
703 3365 1229 3427 laverit,1amnonserram,sedliberam;

151 3432 262 3482 ambitu?
272 3434 592 3500 Nonvidemusplernmque
601 3439 628 3486 in
636 3451 680 3498 po·
703 3435 819 3496 intelligit
829 3435 1032 3484 enimfamulatui
1041 3434 1197 3497 prudentiam
1206 3438 1232 3484 et
1261 3488 1265 3503 Ι

150 3501 265 3551 testatem
278 3502 407 3562 piraticam
417 3505 458 3552 rel
469 3504 614 3553 immanium
624 3508 680 3555 bar-
704 3504 914 3566 disciplinanunc
922 3504 1056 3564 subjacere.
1065 3505 1171 3566 ideoque
1178 3507 1231 3553 Lex

151 3569 266 3618 berorum
280 3572 391 3619 redactos
401 3573 517 3631 parentes
535 3585 550 3619 a
564 3573 623 3622 tiliis
640 3587 680 3622 re-
703 3573 765 3620 dicit
775 3585 783 3619 s
793 3575 1231 3634 Nonneaamdabiterpcconia30mne

152 3634 214 3684 dimi
223 3638 344 3697 pecunia?
357 3639 480 3700 Numquid
490 3640 557 3700 leqes
568 3643 680 3700 pecnniae
705 3641 770 3688 enim
782 3640 918 3700 pretiosum
927 3652 977 3688 non
988 3641 1025 3689 est
1036 3652 1066 3688 ee
1079 3640 1190 3700 dignum.
1201 3642 1232 3689 rt

152 3704 356 3767 potiores,quam
366 3708 433 3767 leges
442 3706 550 3756 naturaei
559 3710 682 3769 Numquid
704 3710 750 3757 Job
765 3709 827 3758 dicit
842 3721 849 3755 a
864 3709 969 3757 Adtrcbe
979 3710 1118 3768 sapientiam
1132 3713 1158 3758 in
1172 3712 1232 3757 inlc-

151 3773 182 3820 in
191 3775 311 3822 servitute
323 3777 456 3825 accersitur
463 3776 558 3837 pietasi
567 3779 681 3840 Plerique
705 3781 780 3827 ciero.
797 3779 849 3825 Non
859 3776 898 3825 illl
913 3778 1096 3838 comparabitur
1105 3778 1232 3837 AEtbiopiae

153 3842 260 3890 emtores
267 3843 366 3891 leonum
373 3844 443 3905 sunt,
453 3847 478 3893 et
486 3846 570 3893 tamen
580 3859 629 3895 non
638 3848 682 3894 do-
705 3844 833 3906 topazion,
848 3842 913 3905 quod
928 3856 988 3894 auro
1004 3844 1111 3894 habetur
1119 3845 1231 3904 argento·

153 3909 683 3973 minauturleonibns:seditasnbjicinntur
706 3925 754 3974 que
769 3913 911 3974 pretiosius.

153 3986 226 4024 verca
236 3977 307 4037 rice,
317 3979 346 4026 nt
354 3979 375 4026 si
387 3980 543 4039 exasperatos
554 3993 596 4028 eos
606 3993 683 4040 erren-
738 3983 776 4030 tl.
788 3981 893 4029 sednon
903 3980 947 4029 ille
959 3980 1037 4028 solum
1047 3979 1124 4038 liber,
1134 3975 1177 4037 qut
1187 3975 1233 4022 do·

155 4041 209 4092 tere
224 4045 323 4098 cenrico
332 4046 397 4096 toros
405 4046 530 4117 viderint,
549 4046 643 4112 fugiant
657 4050 684 4100 et
706 4048 801 4099 minum
808 4048 1007 4099 licitatorcmnon
1014 4045 1176 4110 pertulit,aut
1186 4045 1232 4094 tel·
