2746 4800
139 358 197 408 affl
536 355 656 400 sartori
672 353 833 399 AMBROSH

154 442 332 494 Praesumslram
341 439 371 488 de
380 441 414 496 te,
423 439 488 498 quod
495 440 554 495 lpse
560 451 600 484 rus
612 437 681 482 audi·
736 438 774 483 dl.
782 436 831 488 Sed
841 434 962 496 quompda
973 445 1094 497 pauperffl
1113 431 1122 494 i
1127 428 1237 494 lppbelrat

93 526 96 533 ·
152 505 564 572 res=‚apratanonesseauouum
573 505 679 553 mderes.
706 503 853 551 aeternitatis
873 501 988 560 diuitias,
1007 500 1035 548 et
1055 499 1096 559 ple
1117 501 1122 512 '
1174 501 1179 510 ‘
1227 557 1231 563 Ι

179 581 220 628 28.
231 578 308 627 nuru
324 576 472 631 habueram,
482 586 537 633 quae
549 573 680 620 tenerem
707 568 859 619 divinitatis?
873 570 988 628 Denique
1003 568 1030 615 in
1045 578 1120 614 carna
1135 566 1204 624 erat,
1213 568 1238 612 et

150 661 220 698 nuuc
231 647 298 696 nihil
315 645 394 692 umes
413 644 503 702 praeter
518 643 638 701 lacrymas
656 640 681 689 et
707 638 919 699 dicebatrdmodo
927 635 1031 684 aruum
1041 633 1239 711 Filiumleomuria

150 718 232 766 deors.
243 714 358 774 Quotidie
367 712 431 760 milri
442 712 519 770 major
530 712 561 758 ad
571 712 680 758 dolorem
706 709 821 754 sedentem
839 709 871 754 od
885 707 1008 752 deaurant
1022 703 1125 752 aalma.
1136 702 1167 749 Et
1179 702 1237 749 alibi

150 800 191 846 es,
202 787 292 834 crescis
308 783 341 831 ad
350 783 479 842 gemitum.
491 782 582 829 Omnes
592 780 679 840 quanti
706 775 735 822 ad
746 776 847 822 Petrum
858 774 936 822 dicit:
951 773 1004 820 rur
1017 772 1238 833 manducassent

149 869 191 904 rrae
200 855 289 902 feceris
300 851 466 912 protestantur
478 863 485 896 a
497 863 582 897 omnes
593 851 680 897 absco-
705 845 824 891 culorum·
837 843 883 890 Hic
894 854 952 902 ergo
961 853 1069 902 pauper,
1079 841 1124 901 qni
1134 853 1238 902 regnum

149 925 210 973 tiam
221 935 302 971 meam
319 933 417 970 causam
433 921 482 968 tuac
496 920 582 967 mortis
597 919 680 979 appel-
705 914 806 960 coeleste
829 910 951 960 donabat?
971 911 1020 958 Sed
1037 911 1096 959 audi
1115 913 1238 972 quomodo

149 992 209 1040 lant.
221 991 269 1038 Sed
281 1003 329 1038 non
345 1001 399 1036 sum
410 989 487 1048 Elias,
498 1000 547 1035 non
558 1000 611 1034 sum
623 1000 680 1046 pro-
705 993 799 1040 pauper
814 995 821 1027 τ
840 981 938 1037 Tollite,
954 980 1047 1041 induit,
1060 980 1146 1041 iudum
1160 996 1237 1032 meaos

149 1061 238 1120 pheta,
250 1060 277 1106 ut
287 1057 411 1118 potuerim
422 1056 505 1105 lutura
514 1068 679 1116 cognoscere:
703 1064 828 1110 nausson
836 1052 892 1111 quia
897 1050 1155 1108 morisennensium
1161 1054 1235 1100 corde.

149 1128 257 1176 sedeam
272 1140 322 1174 vox
333 1126 462 1174 clamanus
475 1125 502 1173 in
512 1124 620 1185 gemitu,
630 1136 680 1184 quo
704 1119 761 1166 ideo
774 1120 799 1166 et
809 1119 914 1179 populus
924 1119 1134 1180 ejuspauperest,
1143 1122 1236 1169 nonin-

148 1197 239 1257 possin
257 1195 350 1244 detlere
372 1194 507 1254 praeterita.
527 1193 594 1252 Quid
611 1193 678 1240 enim
704 1189 908 1256 digentia,quem
916 1189 994 1237 divite
1008 1188 1155 1259 illopopulo
1166 1191 1237 1239 rideo

149 1265 228 1312 habeo
245 1265 312 1325 qnod
329 1264 418 1311 melius
435 1263 537 1322 faciam,
559 1274 633 1322 qnam
651 1261 679 1308 nt
704 1258 831 1317 ditiorem3
843 1270 892 1305 non
901 1259 980 1305 solum
992 1258 1059 1305 enim
1069 1260 1170 1306 oracula
1181 1273 1235 1319 pro·

146 1335 195 1382 tibi
203 1335 371 1394 lacrymaspro
378 1333 445 1380 tauto
456 1331 499 1378 tuo
507 1332 578 1378 inme
589 1331 679 1377 affectu
703 1328 842 1387 puetarum,
847 1327 1236 1387 sedetiamapostolornmrucruit

146 1400 301 1462 rependam?
318 1403 366 1460 Ego
381 1400 407 1447 ts
422 1400 519 1459 suscepi
534 1400 677 1459 parvulum,
704 1397 788 1444 divino
799 1397 853 1445 insa
864 1397 957 1457 Spiritu
967 1396 1059 1443 habere
1070 1401 1205 1458 praecepta.

148 1468 525 1527 cumlegatusadltostemtuum
533 1480 676 1528 pergerem:
733 1466 773 1514 52.
796 1467 849 1514 lton
871 1477 928 1525 ergo
953 1466 1036 1524 iuopia
1060 1479 1170 1527 pauper,
1192 1469 1234 1518 sed

148 1549 194 1597 ouo
203 1537 305 1584 tustinae
312 1536 431 1585 maternis
441 1536 558 1603 traditum
565 1537 678 1584 manibus
703 1547 797 1595 pauper
815 1536 915 1596 spiritu,
933 1534 973 1582 cni
987 1534 1084 1582 dictum
1100 1536 1138 1583 est
1149 1550 1157 1582 a
1167 1540 1234 1587 Beati

148 1607 277 1664 amplexus
293 1617 347 1652 sum
360 1619 367 1651 a
379 1616 424 1663 ego
434 1605 492 1653 tuus
507 1604 599 1652 lterum
612 1607 678 1664 lega·
702 1618 814 1664 pauperes
824 1605 921 1664 spirim
939 1605 1043 1663 ipsoram
1057 1606 1091 1652 est
1109 1607 1172 1659 caina
1181 1622 1233 1668 rep-

148 1673 189 1721 tus
198 1673 306 1732 repetivi
313 1672 418 1731 Gallias,
428 1673 524 1720 etmihi
535 1673 607 1721 dulce
615 1675 678 1721 illud
702 1685 760 1719 aum
770 1675 890 1721 calmum.
899 1673 963 1721 Vere
970 1671 1038 1720 beati
1048 1684 1182 1735 pauperes,
1191 1677 1233 1736 ani

146 1739 257 1789 officium
266 1741 315 1789 tuit
324 1753 369 1802 pro
379 1742 458 1790 salue
472 1741 515 1791 tua
524 1743 618 1803 primo,
633 1745 679 1791 de·
703 1742 928 1802 acceperuntquod
938 1741 1029 1789 divites
1039 1754 1089 1789 non
1098 1743 1230 1795 habebant.

147 1809 206 1859 inde
217 1823 261 1871 pro
277 1823 338 1871 pace
354 1811 427 1872 auae
442 1811 551 1872 pietate,
562 1824 609 1873 qua
628 1813 678 1860 ira-
703 1811 739 1856 Ex
762 1812 809 1859 hoa
827 1823 931 1859 numero
950 1811 987 1858 est
1004 1810 1049 1856 ille
1073 1813 1234 1872 propheticus

147 1881 231 1928 ternas
247 1880 365 1940 reliquias
382 1880 523 1941 postulabas
542 1894 549 1927 a
569 1883 677 1931 nondum
702 1892 809 1939 pauper,
818 1879 849 1927 de
860 1891 908 1940 qno
918 1879 1036 1938 scriptum
1047 1879 1086 1927 est
1096 1893 1103 1926 ε
1114 1883 1159 1930 istc
1172 1897 1232 1943 paa—

147 1959 193 2007 pro
201 1949 229 1996 te
237 1961 353 2009 securus,
363 1948 448 2008 etiam
457 1961 504 2010 pro
512 1950 628 2000 traternae
638 1965 677 2000 se·
700 1949 859 2008 peretamastl
864 1950 905 2006 ,et
916 1949 1030 1995 Domtaru
1039 1951 1160 1999 exaudivit
1169 1965 1233 2002 esar.

147 2017 253 2076 nutura
262 2019 355 2065 honore
364 2018 493 2066 sollicitus.
702 2019 739 2064 Ex
748 2018 795 2064 hoc
805 2016 895 2077 popolo
906 2015 965 2074 ille,
975 2015 1021 2076 qoi
1036 2015 1073 2062 ait
1084 2029 1091 2062 a
1103 2018 1231 2079 mustum

177 2085 495 2136 mausuariorum
511 2087 635 2149 l'hrenos,
649 2090 677 2138 et
703 2090 725 2135 et
736 2100 823 2134 aanor»
840 2098 888 2133 aaa
904 2084 991 2141 iudea,
1008 2085 1048 2132 aad
1064 2089 1127 2144 quod
1144 2088 1236 2145 dabra,

147 2154 200 2214 ipsa
215 2155 305 2204 doloris
314 2155 481 2214 ingrediamur
491 2156 587 2204 viscera
598 2172 606 2204 a
618 2159 677 2218 Quid
703 2156 746 2203 lroc
762 2158 791 2203 do
807 2155 868 2202 aaut:
884 2157 914 2201 la
929 2154 1022 2200 aomina
1039 2155 1096 2201 lesu
1110 2157 1232 2205 nazaren

147 2223 260 2281 laudor,
278 2223 372 2284 inquit,
384 2224 439 2283 litat,
450 2226 493 2272 aut
510 2227 566 2284 quid
580 2228 678 2273 madai-
702 2239 784 2285 sarpa,
794 2227 816 2272 et
827 2223 932 2272 ambula.
943 2223 988 2269 llle
1000 2233 1058 2282 ergo
1068 2235 1164 2284 pauper
1174 2237 1231 2273 auc-

148 2291 202 2339 lodo
215 2292 272 2351 tui,
285 2282 336 2350 arrd
345 2292 511 2339 Hierusalem?
521 2295 577 2352 Quis
588 2295 677 2341 seuam
703 2293 831 2352 torpopuli
842 2291 960 2351 pauperis
969 2290 1032 2338 dicit
1040 2303 1047 2336 τ
1055 2295 1133 2350 Deus,
1142 2295 1230 2342 uadem

147 2361 170 2405 ta
187 2359 271 2417 tacut,
280 2361 303 2406 et
318 2361 370 2418 quis
389 2359 546 2406 coarctabitur
557 2363 594 2418 te,
612 2363 677 2421 sirpo
702 2374 817 2408 meamne
827 2362 939 2420 tacuerim
950 2363 1062 2420 amnium
1072 2374 1098 2409 os
1106 2365 1231 2421 moetoris
1303 2379 1305 2388 ¹

145 2425 197 2483 {idria
204 2424 282 2472 siaa?
292 2428 349 2486 puta
359 2438 446 2486 acapna
462 2427 526 2485 facta
535 2431 568 2475 est
578 2442 646 2489 supu
657 2433 678 2477 tc
702 2433 755 2477 etos
763 2431 908 2489 doustsuper
917 2431 1067 2488 msapertum
1077 2433 1120 2476 est.
1131 2432 1231 2492 Lanuui

147 2494 254 2540 contritio
262 2493 473 2554 raaoussaaaua
482 2493 677 2552 te?Quisaute1n
702 2501 757 2545 suut
767 2512 837 2558 saper
846 2511 883 2544 me
893 2499 974 2557 liapuo
983 2498 1061 2544 dolosa
1066 2529 1076 2555 ,
1083 2501 1105 2546 et
1118 2503 1232 2548 sumant·

147 2571 188 2606 me
197 2560 375 2620 consolabitur,
385 2573 400 2606 a
410 2573 459 2620 qno
467 2561 511 2608 alii
522 2562 611 2621 petunt
621 2577 678 2612 con·
704 2566 744 2614 bus
761 2569 807 2623 adu·
815 2567 1013 2613 circumdederunt
1023 2578 1073 2623 aas,
1082 2569 1104 2614 el
1112 2581 1231 2628 capuana·

147 2626 272 2674 solutionis
282 2626 406 2676 officium?
416 2631 521 2690 Implevit
532 2644 569 2678 rae
584 2635 677 2688 auocari·¹
703 2638 785 2683 serunt
796 2649 832 2682 use
841 2637 922 2694 pratis.
929 2637 977 2681 Pro
988 2636 1014 2680 e'o
1022 2636 1048 2680 ut
1059 2648 1096 2681 aaa
1103 2637 1232 2696 adparat,

147 2697 677 2758 ludiae,taebra'asilmefelle.Veutremmcum
703 2703 856 2750 detrahebant
871 2702 932 2750 milri
945 2718 954 2750 a
969 2715 1010 2761 epo
1026 2705 1105 2750 autem
1123 2705 1229 2752 mabam.

147 2764 225 2817 doleo,
236 2767 340 2812 nemaeus
350 2779 428 2814 meum
439 2768 518 2824 doleo,
529 2767 559 2814 ut
569 2770 676 2830 proplie-
701 2773 796 2819 Bonum
814 2771 911 2818 scutum
930 2770 1020 2828 oratio,
1031 2783 1080 2828 quo
1092 2772 1175 2819 omnia
1190 2773 1230 2819 ad·

146 2833 197 2880 t'rco
217 2833 273 2880 utar
291 2833 401 2893 eloqui03
419 2835 536 2894 quoniam
554 2849 629 2897 quern
648 2839 675 2885 in
701 2838 804 2887 versarii
813 2837 891 2898 ignita
900 2837 993 2897 spicula
1001 2838 1167 2896 repelluntur.
1176 2839 1232 2886 Ora·

145 2903 278 2963 Evangelio
287 2915 354 2950 eram
364 2905 541 2964 generaturus,
549 2906 629 2954 amisi.
702 2907 743 2954 bat
754 2919 811 2966 ergo
823 2906 943 2952 Dominus
952 2906 1037 2964 lesus,
1048 2905 1073 2952 et
1084 2906 1139 2965 ejus
1150 2907 1230 2955 imita·

176 2971 216 3018 50.
240 2970 356 3038 ὃοᾱιίἰὶθ
378 2984 428 3019 non
453 2973 536 3019 amisit
559 2976 675 3033 matiam,
701 2973 1038 3037 tarValeutinianusorabat.
1159 3027 1161 3030 Α

146 3051 220 3100 qoam
237 3040 359 3101 poposcit,
370 3041 413 3102 qui
430 3041 495 3088 mihi
505 3041 532 3087 in
549 3054 675 3101 sermone,
730 3046 770 3091 55.
779 3045 827 3091 Sed
836 3044 899 3090 torte
908 3043 1019 3090 dicatur:
1029 3042 1095 3100 Quid
1105 3042 1129 3090 ei
1138 3043 1235 3105 profuit,

145 3119 194 3167 quo
201 3108 289 3155 utebar
297 3109 327 3155 ad
334 3109 443 3168 plebem,
450 3108 675 3156 hodieresurrexit.
701 3123 745 3157 sua
754 3109 849 3158 oratio?
860 3112 922 3158 Ecce
933 3110 961 3156 in
978 3110 1057 3170 primo
1067 3111 1126 3158 vitae
1142 3112 1231 3158 accidit

145 3174 451 3222 ltamcumiutractatnm
465 3174 608 3222 incidissem
619 3188 675 3234 pro-
701 3189 781 3224 cursn.
800 3178 839 3222 De
857 3176 984 3224 celeritate
1008 3176 1108 3234 mortis,
1132 3188 1182 3224 non
1201 3177 1229 3224 de

145 3243 231 3303 positas
247 3243 372 3303 lectionis,
384 3244 449 3304 quod
463 3244 567 3303 populns
581 3256 675 3304 pauper
700 3256 790 3304 genere
808 3245 908 3303 loquor;
920 3256 970 3289 non
985 3244 1053 3291 onim
1069 3245 1230 3292 accusationis
1302 3251 1305 3274 ⁴

146 3309 306 3358 benediceret
315 3311 413 3370 Deum,
423 3323 534 3371 quaerere
546 3311 610 3370 coepi
620 3313 675 3372 quis
700 3325 759 3360 voce
770 3310 839 3370 utor,
848 3311 892 3358 sed
900 3311 998 3358 doloris.
1008 3310 1055 3356 Sed
1063 3311 1139 3357 etiam
1148 3309 1229 3357 Domi-

146 3377 211 3424 esset
220 3377 261 3424 liic
272 3378 391 3437 populus,
402 3380 428 3426 et
442 3377 593 3436 distinguere
610 3382 674 3438 quod
700 3392 745 3426 nus
756 3379 853 3436 orabat,
866 3380 892 3424 et
903 3377 1035 3424 crucifixus
1045 3379 1096 3436 est3
1105 3379 1152 3426 hoc
1164 3377 1229 3425 enirn

146 3443 211 3490 esset
220 3443 674 3505 populus,alterdives,alterpaupera
700 3449 796 3507 orabat,
816 3449 844 3495 ut
862 3448 990 3508 peccatum
1008 3447 1094 3493 mnndi
1118 3447 1228 3495 tolleret.

146 3509 216 3561 diras
237 3510 392 3572 iudeorum,
415 3525 510 3574 pauper
534 3514 649 3563 Ecclesiae
665 3528 672 3560 a
699 3517 833 3564 Audiamus
843 3527 900 3576 ergo
915 3515 975 3574 qnid
985 3515 1038 3560 oret
1048 3513 1138 3561 Christi
1155 3515 1229 3563 disci-

145 3577 215 3628 dives
237 3577 281 3627 ille
300 3579 406 3640 eloquiis
420 3580 468 3628 sibi
492 3579 609 3640 creditis,
626 3583 673 3631 iste
699 3585 772 3644 pulos
790 3597 797 3629 ε
817 3584 902 3642 ntique
921 3583 987 3643 quod
1003 3582 1118 3641 magister
1136 3583 1228 3631 docuit.

145 3658 239 3707 pauper
246 3646 328 3697 aliena
334 3649 433 3711 eloquia
442 3650 577 3698 mutuatus.
584 3651 671 3698 llerito
701 3653 788 3700 Docuit
799 3653 881 3699 autom
894 3652 922 3698 ut
937 3651 1069 3710 vigilemus
1080 3651 1230 3711 staremus,

144 3715 615 3780 pauper3quiacongregatusapaupere
623 3721 671 3779 est,
698 3735 729 3770 ne
737 3722 903 3780 ingrediamur
912 3719 938 3765 in
946 3718 1172 3776 tentationem,hoc
1182 3721 1228 3778 est,

145 3785 188 3833 illo
206 3785 337 3843 videlicet,
351 3787 394 3847 qni
414 3801 509 3849 pauper
524 3787 603 3836 factus
621 3788 671 3848 est,
697 3803 729 3838 ne
751 3790 889 3836 incidamus
908 3789 934 3833 in
957 3788 1094 3846 peccatum.
1114 3788 1171 3835 llaec
1189 3790 1226 3834 est

145 3867 202 3902 cum
220 3855 290 3904 dives
305 3854 386 3913 eset,
402 3857 431 3903 ut
452 3868 496 3904 uos
517 3858 571 3915 eJus
587 3857 671 3916 inopia
698 3859 764 3905 enim
775 3857 878 3904 tentatio
890 3856 1030 3912 christiani,
1043 3855 1063 3902 si
1076 3855 1101 3900 in
1113 3868 1163 3902 suae
1174 3855 1227 3902 aui·

144 3923 436 3973 ditaremuraexinanirit
441 3925 507 3972 enim
512 3926 581 3984 se,nt
587 3938 672 3974 omnes
697 3938 743 3973 maa
753 3924 890 3984 periculum
901 3922 1040 3983 prolabatur
1052 3935 1058 3966 z
1070 3924 1174 3970 mortem
1183 3936 1229 3971 au-

144 3993 260 4052 ropleret.
696 3995 746 4041 tem
759 3993 847 4040 timere
858 4003 908 4038 non
918 3992 954 4039 est
965 3989 1131 4051 perfectionis.
