2760 4800
425 354 428 363 '
469 374 718 423 anieronreuu
733 378 868 424 cnissis
881 379 902 425 ι.
1180 337 1235 432 sla=

142 452 233 505 nisset.
244 454 354 504 Susaum
362 454 460 517 lugiens
469 457 597 507 turbarum
606 457 678 505 indu·
704 457 816 520 intendi,
834 461 878 508 sed
888 457 1005 519 iniuriam
1018 459 1120 522 virginis
1130 461 1230 514 deside·

143 525 220 574 saur.
232 524 345 586 Denique
357 537 413 574 cum
424 537 451 573 se
461 526 569 586 lavaret,
580 526 678 587 paradi·
703 528 767 587 rari,
779 530 850 588 cnjus
860 528 981 590 inspectio
992 529 1018 577 et
1028 530 1135 580 visitatio
1145 535 1229 593 postu·

144 605 202 641 sum
218 592 300 642 claudi
315 593 428 652 jubebat.
448 594 512 653 Quid
521 595 604 652 autem
614 607 678 655 pra·
703 596 875 658 labatur‚non
887 598 987 658 aliquod
997 598 1119 660 flagitium
1128 602 1228 652 detere-
1252 625 1258 630 ·

147 662 251 712 stantius
264 661 272 723 (
284 662 423 723 prasertim
439 663 465 710 in
480 663 592 724 virgine,
608 665 677 722 cnjus
702 665 783 714 batur.
789 667 920 731 Quisenim
926 667 1136 730 istndaprincipio
1142 670 1229 719 frande

116 736 117 741 ’
144 731 300 791 precipuum
322 744 383 792 opus
403 733 554 781 verecundia
573 731 582 794 )
603 746 676 794 quam
703 736 863 794 compositum
873 749 1027 798 nequaqnam
1037 737 1086 785 sibi
1094 751 1231 798 congruere

143 799 352 862 secretumiqnid
361 802 677 861 tntinssecreto,etadom·
703 802 728 849 et
739 804 872 852 convenire
889 817 937 853 non
949 805 1124 854 arbitrareturi
1139 807 1229 854 Cucur-

143 880 190 918 aes
200 870 271 920 actus
283 870 444 930 expeditius?
460 873 542 919 ltlnnia
553 873 619 919 enirn
631 886 677 931 pu·
701 869 762 918 risse
778 872 895 920 mulieres
911 873 975 920 viles
990 873 1022 919 ad
1038 873 1228 934 monasterinm,
1328 889 1334 894 ·

141 935 212 985 doris
226 937 325 997 induit,
342 951 392 986 non
412 939 610 987 concursationis.
629 940 677 988 Sed
699 937 802 996 jactasse
811 941 908 1000 parturn
918 940 1033 1001 virginis,
1044 942 1163 989 etuecem
1174 942 1230 1002 pig·

142 1005 177 1054 de
193 1006 357 1067 aliisvidero,
368 1006 416 1055 tnae
429 1007 565 1056 uunemibi
576 1020 676 1070 respou-
700 1007 823 1069 noris,de
840 1010 986 1059 monasterio
996 1022 1121 1058 rumorem
1130 1023 1229 1071 perpo-
1248 1014 1252 1019 “

141 1073 374 1135 deudumepistolae
384 1076 432 1124 est.
700 1076 770 1134 pulos
787 1088 911 1137 sparsum,
929 1089 1035 1137 sumque
1056 1077 1183 1126 aitluxisse
1201 1079 1229 1127 in

175 1143 215 1190 tl.
237 1145 271 1191 Te
287 1145 376 1204 miror,
391 1144 478 1204 irater,
493 1144 536 1205 qni
548 1144 675 1203 tantopere
700 1155 771 1190 aures
781 1144 840 1191 novi
858 1144 939 1191 aiiinis
948 1145 1063 1204 Maximi,
1076 1145 1113 1192 ab
1124 1145 1177 1204 ipso
1188 1145 1229 1192 iu·

142 1209 262 1261 &tendas
277 1213 411 1261 blaximurn
422 1225 472 1260 non
487 1213 563 1260 inisse
575 1224 676 1260 accusa-
700 1212 858 1271 terpellatum
881 1213 1041 1273 episcopum,
1057 1213 1170 1261 dimissas
1186 1222 1229 1263 eas

143 1280 238 1340 torem,
251 1281 297 1329 sed
307 1281 416 1340 parentis
425 1282 508 1330 dolore
519 1281 627 1330 doluisse
636 1281 675 1328 in-
690 1278 753 1338 'qnaa
761 1279 852 1328 dixisse
864 1279 1017 1342 ferebantur,
1026 1281 1100 1340 atque
1110 1278 1137 1327 in
1145 1280 1229 1341 lugam

142 1347 238 1397 vidiam
258 1351 336 1410 sparsi
356 1349 477 1409 rumoris3
505 1363 563 1398 cum
585 1351 628 1399 ille
648 1362 674 1398 se
698 1348 807 1408 coactas,
827 1348 855 1396 ut
869 1348 936 1408 apud
954 1361 998 1396 nos
1013 1348 1116 1408 patuit:
1133 1347 1228 1408 eosqui

142 1415 272 1464 inimicum
288 1418 314 1464 et
329 1417 498 1465 adversarium
509 1417 673 1477 litigatorem,
698 1415 794 1464 audisse
805 1427 832 1464 se
841 1416 967 1476 deerant,
977 1416 1007 1463 nd
1014 1416 1148 1465 Ecclesiam
1156 1427 1229 1464 voca·

143 1485 268 1546 proposito
282 1485 438 1545 iamiurgio,
456 1498 547 1546 negare
561 1498 611 1534 non
628 1499 674 1547 po·
697 1487 734 1534 tos
753 1485 863 1545 prodisse
885 1486 1007 1533 Renatum
1032 1486 1059 1534 et
1080 1485 1226 1544 leontium,

143 1555 343 1605 tueritadversus
349 1567 442 1602 sacram
452 1554 674 1614 virginemjndicia
698 1551 757 1601 duos
768 1554 824 1602 illos
838 1554 977 1614 iniqnitatis
992 1555 1071 1614 viros,
1081 1566 1142 1614 quos
1152 1565 1227 1614 appo·

141 1622 309 1672 adtentavissa
321 1637 329 1671 a
340 1635 460 1683 muroque
470 1623 616 1681 interjecto,
626 1623 673 1670 dis-
696 1622 746 1668 suit
756 1622 869 1682 lezabel,
886 1624 1011 1682 redarguit
1020 1623 1123 1683 Daniel,
1140 1623 1228 1670 suber·

141 1690 224 1738 cretas
234 1690 299 1740 aedes
308 1691 393 1739 uxoris
408 1703 457 1738 suaa
468 1702 496 1738 ae
506 1689 625 1750 virginis,
635 1690 674 1737 di-
697 1690 766 1737 navit
775 1691 916 1739 Jndaeorum
929 1693 1051 1752 populus3
1062 1691 1092 1739 ut
1102 1693 1227 1739 auctorem

142 1756 223 1806 visam
232 1757 403 1818 germanitatis
414 1759 479 1806 inter
490 1758 673 1806 sororessocie·
696 1756 754 1805 vitm
772 1771 821 1807 sua
833 1759 894 1806 talso
911 1761 1059 1820 appeterent
1075 1758 1226 1823 testimonio.

144 1827 237 1886 tatem3
254 1827 367 1887 aliaque,
387 1827 477 1888 quibus
493 1827 589 1875 doleret
608 1827 673 1886 qued
697 1825 743 1882 Qui
762 1827 846 1875 tamon
866 1840 922 1875 curn
940 1828 1012 1875 simul
1032 1827 1227 1888 composuissent

144 1895 214 1955 virgo
231 1895 258 1943 in
268 1907 326 1956 agro
341 1895 467 1944 affinitatis
481 1908 533 1943 sua
542 1895 674 1954 recesst
697 1891 832 1953 flagitium,
851 1894 924 1943 simul
935 1893 1037 1953 ingressi
1048 1895 1130 1942 essent
1144 1895 1226 1952 viam,

143 1964 302 2013 consortium.
312 1963 438 2023 Quomodo
449 1975 506 2023 erge
517 1975 566 2010 non
576 1975 673 2011 accusa·
697 1961 722 2008 et
730 1961 987 2021 nequidpraeteream,
995 1958 1225 2019 adiunctiblaximo,

144 2031 192 2090 tor,
202 2032 245 2092 qui
255 2032 368 2080 allectum
377 2030 524 2079 accusatoris
529 2030 673 2089 iamdudum
697 2030 879 2088 comitantibus,
889 2032 919 2079 ut
928 2029 993 2077 dixit
1002 2028 1173 2087 Leontius,lis
1182 2028 1228 2089 qui

144 2100 320 2161 exercuitque
326 2111 486 2148 sermonesuo
493 2099 673 2148 accusationem
697 2097 768 2145 illum
783 2111 909 2146 rumorem
926 2098 1077 2158 sparserant;
1088 2098 1171 2145 tamen
1181 2095 1227 2143 ubi

143 2168 251 2229 detulit,
267 2170 406 2218 auresinae
421 2166 537 2227 implevit
553 2169 672 2228 elamore,
697 2168 722 2213 ln
733 2178 789 2213 meo
799 2166 947 2215 adstiterunt
955 2165 1049 2224 judicio
1059 2197 1068 2223 ,
1079 2176 1135 2211 cum
1146 2164 1226 2223 primo

143 2237 172 2284 et
180 2236 256 2286 testes
270 2237 403 2285 auditionis
417 2235 537 2297 deduxit,
554 2235 674 2296 cognitio-
696 2235 727 2282 de
739 2234 833 2294 origine
845 2246 924 2282 causa
931 2245 1081 2295 quaererem,
1092 2229 1189 2279 diversa
1200 2230 1227 2280 et

144 2316 203 2352 nem
213 2303 339 2366 poposciti
696 2304 812 2352 distantia
822 2314 1024 2364 promsere,nen
1035 2301 1145 2347 locorum
1155 2310 1226 2359 sepa,

176 2373 214 2422 ts.
225 2373 366 2432 Quamlibet
374 2374 571 2435 argumentatus,
582 2386 672 2435 negare
696 2373 756 2431 rati,
768 2372 811 2420 sed
821 2371 1007 2420 mendaciorum
1016 2367 1133 2416 divortio.

144 2455 195 2490 non
204 2444 307 2503 potuisti
320 2443 386 2503 qnod
397 2443 428 2490 ad
439 2444 557 2491 Indicium
567 2443 673 2502 scripse-
725 2438 764 2488 20.
776 2441 837 2488 cnm
847 2439 922 2498 igitur
938 2437 986 2486 sibi
1004 2436 1053 2496 ipsi
1069 2447 1118 2484 non
1133 2445 1227 2484 conve-

143 2512 189 2570 ris,
200 2511 315 2571 qnoniam
320 2511 441 2558 Maximus
448 2524 492 2559 seu
500 2511 673 2571 impulsualio-
696 2508 794 2570 nitent,
806 2509 954 2557 Mercurium
970 2506 996 2554 et
1015 2507 1089 2552 Mam
1099 2504 1226 2552 vilissimae

144 2592 214 2638 rum,
230 2592 275 2628 seu
284 2580 368 2628 dolore
384 2579 483 2639 proprie
493 2579 588 2626 crimen
598 2591 672 2638 grave
696 2576 841 2625 conditionis
867 2577 894 2624 et
919 2572 1112 2624 detestabilioris
1137 2571 1226 2632 nequi-

144 2649 272 2698 detulerit.
283 2649 339 2695 Sola
350 2648 515 2707 haecepistola
525 2647 584 2694 satis
594 2645 673 2693 estad
695 2644 737 2692 tias
745 2658 860 2704 personas
871 2643 1081 2702 amandavissent,
1091 2641 1227 2699 aufugisset

143 2717 307 2765 accusationis
316 2714 501 2773 testimonium3
512 2725 594 2773 neque
605 2713 673 2761 enim
696 2713 835 2766 Theudule‚
855 2725 905 2760 non
923 2712 1006 2771 ignara
1020 2709 1156 2769 objiciendi
1177 2709 1224 2755 sibi

143 2784 170 2832 te
183 2796 227 2842 ego
237 2783 288 2831 tuis
301 2782 333 2830 ad
348 2793 389 2828 me
404 2781 466 2828 datis
476 2780 568 2828 litteris
583 2791 673 2839 urgan·
696 2780 824 2838 facinoris,
834 2780 900 2840 quod
910 2779 967 2826 ante
974 2779 1067 2827 lectum
1075 2778 1163 2823 lienati
1174 2778 1225 2822 sola

143 2852 203 2898 dum
213 2849 314 2909 putavi,
330 2848 374 2895 sed
384 2847 415 2896 iis
432 2846 503 2894 lectis
514 2858 574 2906 quas
583 2846 615 2893 ad
622 2845 674 2895 ‘vir-
696 2850 869 2907 cubitavisset,
885 2849 975 2897 ancilla
985 2847 1076 2907 praesto
1087 2846 1152 2893 esset
1163 2845 1225 2903 alia,

143 2920 230 2980 ginem
241 2917 356 2976 dederas,
368 2916 463 2964 adverti
473 2915 598 2963 diversum
609 2927 672 2973 esse,
696 2931 751 2980 qnae
760 2919 845 2977 stupro
862 2917 974 2975 ejusdem
988 2914 1078 2961 lienati
1088 2925 1115 2960 se
1131 2912 1227 2958 diceret

143 2986 211 3047 quod
221 2986 253 3034 ad
267 2997 307 3032 me
319 2984 450 3044 scripseras
462 2997 469 3030 ε
483 2983 602 3031 ettamen
617 2995 674 3030 cnm
697 2986 892 3047 coinquinatam
905 2985 946 3031 die
957 2983 1023 3043 ipso,
1031 2981 1075 3042 qui
1083 2980 1163 3026 dictus
1173 2977 1227 3024 erat·

144 3055 311 3116 epistolatum
319 3053 367 3102 sibi
375 3065 424 3101 non
433 3051 674 3111 convenirent‚een·
697 3054 844 3115 cognitioni,
862 3051 1041 3102 subtraxerunt
1056 3060 1083 3096 se
1099 3047 1227 3107 episcopo·

144 3123 275 3173 sulendum
289 3125 330 3182 te,
348 3135 400 3170 non
410 3121 564 3182 arguendum
576 3120 671 3180 putavi.
696 3135 750 3170 rum
777 3121 929 3178 conventui3
952 3117 1017 3165 lieet
1043 3114 1119 3162 etiam
1145 3113 1226 3173 pridie

144 3193 211 3253 Quid
221 3191 350 3252 igitursibi
361 3192 415 3240 vult
427 3193 470 3238 illa
481 3189 672 3250 argumentatio,
696 3191 777 3239 subite
798 3203 825 3238 se
850 3185 1005 3250 profecturos
1027 3183 1095 3232 idem
1118 3181 1227 3228 lienatus

144 3263 205 3324 quia
214 3262 277 3309 illud
284 3261 417 3320 detulerit,
428 3259 494 3320 quod
502 3260 535 3306 ad
544 3271 585 3306 me
595 3259 673 3318 scrip·
696 3257 848 3307 clamaverit.

144 3343 225 3390 seras,
244 3330 351 3379 delatam
365 3328 485 3377 videlicet
503 3339 558 3376 eam
568 3327 596 3375 in
606 3327 673 3387 turpi
724 3327 839 3375 itllnde
849 3321 992 3384 egoiudicio
1000 3317 1137 3382 praescripsi
1147 3315 1225 3376 diem,
1272 3375 1275 3380 Ι
1373 3328 1376 3333 ’

144 3399 262 3457 crimine3
274 3399 309 3446 ita
318 3400 347 3446 ut
357 3398 451 3446 editum
461 3398 486 3446 et
493 3396 608 3447 obrutum
618 3409 674 3456 par·
692 3397 721 3444 ¹et
731 3397 814 3444 tamen
831 3395 898 3442 nullo
909 3390 1051 3448 accusante,
1066 3384 1226 3465 nullistesti-

145 3469 199 3514 ium
210 3467 260 3514 dici
279 3465 391 3515 adserat?
400 3466 473 3525 Quasi
487 3478 547 3516 vero
557 3465 624 3513 istud
642 3465 672 3512 ad
694 3456 1124 3525 montisperurgentibus,insinuavr
1135 3453 1226 3533 sanctas

144 3535 279 3593 lndiciam,
296 3547 348 3583 non
367 3535 397 3582 ad
415 3547 455 3582 ma
468 3534 606 3594 scripseris.
626 3533 672 3580 llla
696 3533 770 3583 sorori
781 3533 846 3593 qnod
864 3531 962 3590 peteres
977 3537 1058 3574 coram
1069 3523 1122 3584 ipsa
1134 3521 1240 3600 inspici-

144 3604 190 3650 ubi
207 3604 303 3652 audivit
311 3601 403 3651 litteris
413 3603 463 3651 tuis
472 3602 607 3654 Maximum
614 3601 674 3648 snb-
696 3603 721 3649 et
731 3599 827 3653 visitari
834 3595 993 3644 memoratam
1000 3592 1132 3652 virginem.
1142 3592 1173 3638 At
1182 3589 1227 3667 nlla

144 3671 203 3719 duci
213 3671 373 3732 accusationi,
383 3671 477 3719 litteras
486 3671 543 3717 tuas
553 3669 672 3729 protulit,
696 3668 778 3716 sancte
788 3663 969 3725 inspectionem
979 3660 1080 3720 quidam
1091 3656 1225 3736 recusavit,

144 3739 236 3799 quibus
260 3752 318 3786 enm
337 3737 448 3788 criminis
465 3737 600 3786 delatorem
616 3747 673 3796 pre·
696 3735 740 3784 sed
751 3726 1132 3785 testimoniumuondsclinavit,
1142 3725 1228 3802 dicens

146 3805 216 3855 bavit
234 3820 242 3852 ε
261 3808 292 3854 ad
307 3819 348 3855 me
362 3807 489 3859 damnum
504 3803 611 3866 legerat,
626 3802 673 3853 nec
696 3802 760 3851 nibil
770 3813 797 3849 se
807 3799 834 3849 in
842 3798 935 3848 lndicia
944 3791 1170 3857 comprehendisse,
1178 3803 1227 3850 nisi

145 3875 206 3935 quid
217 3876 349 3935 baberent,
360 3875 462 3923 sciebat.
697 3871 762 3932 quod
772 3869 836 3919 esset
845 3865 971 3929 virginalis
979 3862 1080 3926 pudoris
1093 3861 1119 3907 ot
1135 3855 1227 3908 sancti-¹

178 3944 216 3992 lii.
233 3947 281 4003 Ego
292 3945 375 3992 autem
384 3942 504 3990 exhorrui
520 3941 623 4002 aprime
633 3952 673 3988 ca·
696 3939 769 3988 tatis:
785 3937 908 3987 habitasse
929 3946 985 3984 eam
1003 3933 1088 3978 liomaa
1111 3927 1136 4002 in
1156 3923 1227 3970 domn

146 4013 263 4063 lumniam
271 4045 279 4076 ,
288 4012 345 4075 quin
357 4011 512 4062 advertebam
523 4023 571 4060 non
579 4011 674 4060 crimen
697 4009 793 4068 nostra,
804 4006 874 4055 nobis
885 3999 1043 4081 absentibus,
1055 3994 1118 4044 nulli
1130 4001 1184 4040 eam
1199 3999 1228 4037 ιθ
