2760 4800
445 366 700 417 arrrsrocanuu
716 370 853 423 classus
868 372 901 419 rr.
1193 371 1241 431 ¹4¹⁹

152 444 280 498 heredem
291 447 343 498 tore
360 448 457 499 ancillae
467 453 545 500 tilium
565 466 572 499 ε
593 451 685 502 etideo
709 453 734 500 et
745 453 779 501 sic
797 453 900 513 diligere
919 451 995 514 coepil
1006 465 1013 500 c
1026 453 1052 503 et
1067 453 1174 503 credidit
1188 466 1240 504 nou

152 517 305 567 non-ancillae
319 530 363 566 nos
373 519 437 568 lilios
446 532 515 580 esse,
526 521 570 568 sed
585 522 683 581 liberae,
708 531 742 566 ex
758 521 841 580 parte,
860 521 903 568 sed
918 533 963 582 per
973 521 1064 568 omnia.
1085 521 1237 571 bitterenim

152 597 200 643 uua
217 587 332 636 libertate
356 601 401 637 nos
419 588 532 641 ,Christus
558 590 683 639 liberavit.
707 589 807 648 plenam
817 602 867 637 non
877 589 975 650 poterat
990 589 1084 639 habere
1095 591 1238 650 caritatemp

151 650 221 701 Unde
239 655 362 715 colligitur
373 657 438 716 quod
453 656 472 704 ii
489 657 565 716 magis
576 655 683 706 Abrabae
707 656 766 716 quia
776 657 941 718 scriptumest
951 671 958 703 τ
970 659 1063 706 corilus
1071 658 1239 708 creditomnio.

150 717 212 780 tilii,
229 722 272 782 qui
284 735 317 771 ex
328 723 391 784 dde3
408 723 525 783 prestant
542 724 609 772 enim
625 724 684 773 fidei
707 723 791 771 Sinon
803 725 882 773 credit
897 725 994 784 omnia,
1005 737 1055 772 non
1065 724 1166 772 uidetur
1177 725 1239 773 curi·
1329 766 1333 770 .

153 793 225 847 {unm
236 789 400 847 uenerationis
411 790 532 838 baeredes.
543 793 596 839 Lex
603 792 685 852 paeda-
708 792 745 840 tas
758 804 811 840 esse
824 792 944 852 perlecta.
957 794 1019 852 Erpo
1030 791 1139 854 perfecta
1150 792 1239 840 caritas

153 865 226 917 mus
236 857 690 924 est,ssdeslibera·=abjiciamuspm
707 871 806 921 ompepr
816 860 890 922 tidem
900 859 984 908 hahet.
1000 878 1008 885 ¹

152 931 224 982 opera
235 923 376 983 seruitutis,
392 924 520 972 teneamus
533 925 635 989 pralium
651 926 683 972 li·
737 927 761 974 6.
782 928 835 975 Non
847 927 1019 991 lamentatus
1031 927 1153 988 dixerim,
1172 927 1239 988 quod

150 987 254 1039 bertatis
273 1005 281 1038 ε
300 992 442 1040 deseramus
459 992 584 1052 umbram,
605 993 682 1048 solem
706 995 822 1042 continuo
833 988 987 1042 omnis'fides
998 995 1135 1055 perfectam
1149 997 1239 1044 carita·

150 1059 251 1118 sequuti
261 1073 269 1106 r
280 1060 342 1109 ritus
361 1060 475 1108 ludaicos
485 1061 647 1126 deseramus-¹.
706 1060 756 1108 tem
774 1061 879 1121 babeat3
901 1061 960 1122 quia
972 1061 1102 1123 Apostolus
1118 1061 1182 1110 dixit
1193 1075 1200 1108 ε
1211 1063 1239 1110 Si

136 1179 138 1182 ,
179 1128 205 1175 2.
226 1129 384 1178 circumcisio
401 1130 512 1190 membra}
525 1124 600 1190 unius
616 1128 682 1176 nibil
699 1122 920 1179 'lrobwro'omuem
937 1126 1022 1191 mem,
1047 1134 1084 1180 ito
1104 1133 1132 1180 ot
1149 1134 1238 1180 monta

148 1195 259 1255 prodest.
281 1198 396 1258 Denique
410 1196 447 1244 ait
463 1197 591 1261 Apostolus
603 1210 610 1242 ε
621 1198 680 1245 Ecce
706 1199 1238 1267 transferam:comtutemoolemuonbcbeom,

148 1277 191 1322 epo
198 1267 291 1326 Bauius
296 1267 429 1328 dicopobde,
437 1266 681 1326 qaoaicmsc'circrlm·
704 1267 766 1327 nibil
774 1269 834 1325 mibi
841 1270 942 1329 prodest.
954 1268 1053 1315 Etenim
1065 1280 1122 1316 cum
1129 1266 1177 1316 tria
1188 1267 1238 1315 siut

148 1333 276 1392 desumi,
289 1337 395 1383 oderisius
410 1334 474 1382 vobio
493 1333 553 1382 uidit
567 1334 679 1394 proderit.
705 1335 812 1384 maxime
824 1335 911 1384 inviro
922 1336 1073 1396 christiano,
1083 1348 1139 1396 spes
1147 1366 1156 1395 ,
1165 1335 1238 1396 tides·

148 1399 203 1448 llou
212 1403 330 1462 quianon
341 1401 431 1462 possit,
444 1401 487 1450 sed
498 1401 557 1462 quia
568 1400 681 1461 indignos
705 1403 794 1451 caritas
805 1417 811 1450 ε
823 1403 900 1463 maior
909 1404 949 1453 bis
960 1397 998 1452 cst
1009 1403 1106 1453 caritas.
1285 1437 1289 1443 ·

148 1469 278 1520 beneficiis
298 1471 351 1521 suis
364 1469 475 1530 iudicet,
493 1469 537 1531 qui
555 1469 608 1520 vias
626 1469 680 1528 eius
734 1472 758 1518 7.
777 1472 826 1520 Sed
847 1472 952 1520 arbitror
959 1473 1079 1533 propositi
1097 1472 1176 1534 gratia
1187 1473 1235 1521 boc

148 1537 273 1588 deserant.
704 1538 797 1589 dixisse
807 1541 1053 1602 Apostolum3neque
1062 1542 1129 1589 enim
1136 1542 1236 1589 videtur

157 1644 159 1648 ⁷
177 1609 203 1655 ὅ.
214 1609 357 1670 etquidem
367 1610 424 1659 unte
435 1609 544 1670 sephora
551 1608 680 1658 circumci·
703 1608 765 1655 mibi
781 1611 824 1670 qui
835 1610 926 1658 babeat
942 1610 1142 1672 omnemfidem,
1161 1611 1196 1658 ita
1206 1610 1236 1658 ut

148 1674 186 1724 dit
197 1677 275 1726 filium
286 1691 373 1737 suum,
386 1679 559 1739 etpericulum
570 1676 679 1738 depulit,
704 1676 799 1724 montes
815 1676 963 1737 transierat,
983 1677 1111 1725 caritatem
1130 1689 1180 1726 non
1191 1677 1236 1724 ba·

148 1744 215 1804 quod
235 1745 381 1794 imminebat
403 1758 410 1792 :
431 1745 475 1792 sed
501 1745 559 1792 tunc
587 1743 679 1803 proluit
704 1740 1235 1809 bere3quomodootillud,cibabeatcliquis

147 1812 272 1874 cbristus,
283 1826 341 1861 cum
350 1813 431 1861 adbuc
439 1811 549 1872 perlecta
559 1811 677 1859 differret.
703 1812 785 1858 omnia
794 1813 925 1872 mysteria,
945 1812 970 1858 et
981 1824 1078 1859 omnem
1090 1812 1233 1870 scientism3

147 1878 677 1942 cumparvulusesselpopuluscredentium‚
703 1880 822 1938 quomodo
830 1891 880 1927 non
888 1879 1234 1938 babeatcaritatem,praeser·

146 1948 218 1998 venit
234 1951 426 2011 nonparvulus,
445 1949 490 1996 sed
511 1947 637 2009 perlectus
652 1945 678 1995 in
703 1945 749 1992 tim
767 1958 824 1993 cum
844 1947 909 1994 dicat
925 1946 1068 1994 lohannes:
1080 1948 1140 2007 Quia
1158 1948 1234 1993 omnis

146 2019 262 2069 omuibus
280 2019 399 2067 Dominus
413 2019 492 2066 lesus.
514 2015 678 2064 Circumcisus
703 2019 744 2078 qut
753 2017 823 2065 credit
835 2015 1175 2079 quinamentorum
1183 2017 1233 2062 Deo

147 2086 186 2135 est
195 2085 417 2146 primosecundum
429 2087 533 2144 Legem,
542 2096 576 2133 ne
587 2084 677 2143 Legem
702 2090 772 2136 aolus
783 2089 829 2148 est3
847 2086 874 2134 ct
888 2097 961 2146 supra
975 2085 1029 2145 ipse
1047 2084 1156 2133 dixerit:
1170 2085 1234 2143 Quo-

145 2155 256 2203 solveret
266 2167 273 2202 c
284 2154 369 2215 postea
376 2167 422 2215 per
429 2165 543 2214 crucem,
551 2153 581 2210 ut
587 2153 677 2213 Lepem
702 2155 768 2203 ulam
778 2155 818 2215 qui
829 2156 855 2201 de
867 2157 917 2203 Deo
932 2155 1059 2210 natusest,
1073 2165 1122 2200 nou
1134 2150 1233 2213 peccat?

145 2223 273 2282 impleret.
289 2223 397 2271 cessavit
414 2234 472 2282 ergo
487 2222 553 2282 quod
565 2234 596 2269 cx
607 2221 678 2282 parte
699 2221 772 2270 ‚unde
783 2221 916 2283 colligitur,
927 2221 948 2271 oi
957 2221 979 2269 is
989 2219 1031 2283 qui
1040 2219 1184 2280 credltquia
1192 2219 1233 2265 les

146 2291 196 2348 est,
203 2289 407 2350 quiavenitquod
413 2289 550 2351 perlectum
556 2288 607 2348 est3
616 2300 677 2336 crux
702 2303 743 2338 sus
753 2289 861 2338 Christus
872 2291 923 2351 est,
943 2289 975 2338 de
993 2289 1045 2339 Deo
1059 2288 1132 2335 natus
1143 2287 1194 2346 est3
1206 2287 1233 2334 et

147 2359 216 2407 enim
227 2358 253 2406 in
261 2358 356 2406 cbristo
366 2371 415 2406 non
426 2369 503 2406 uuum
521 2357 677 2418 membrum,
701 2357 743 2422 qui
755 2360 785 2407 de
796 2359 849 2406 Deo
858 2360 931 2409 natus
942 2359 993 2418 est,
1004 2369 1054 2405 non
1063 2356 1150 2418 peccat
1162 2369 1168 2401 :
1180 2355 1232 2405 uti·

145 2428 190 2476 sed
200 2427 275 2478 totius
286 2427 440 2476 circumcidit
448 2425 584 2489 superfluas
593 2438 677 2488 corpo·
701 2437 750 2487 que
769 2424 791 2472 is
807 2424 939 2486 qui‘credil
959 2425 1018 2487 quia
1036 2425 1108 2472 lesus
1122 2423 1232 2472 Christus

145 2497 181 2544 ris
190 2497 338 2558 voluptates.
701 2494 752 2556 est,
764 2509 813 2544 nou
823 2495 918 2556 peccat.
929 2495 954 2542 Si
965 2495 1020 2556 quis
1033 2495 1117 2542 autem
1127 2492 1230 2554 peccat,

175 2563 200 2613 t.
218 2566 329 2613 Fortasse
347 2563 426 2613 adbuc
440 2564 560 2625 quaeritur
569 2576 617 2625 qua
636 2575 677 2612 ra·
701 2575 749 2610 non
761 2564 840 2613 credit
850 2577 857 2610 ε
868 2563 913 2624 qui
923 2564 1007 2611 autem
1017 2575 1067 2611 nou
1078 2562 1172 2622 credit,
1182 2573 1229 2610 uec

144 2633 213 2682 tione
224 2633 368 2685 circumcidi
378 2646 412 2681 ex
420 2634 491 2693 parte
501 2632 623 2691 voluerit,
632 2632 675 2691 qui
701 2630 799 2690 diligite
811 2632 853 2691 qui
863 2632 947 2679 autem
958 2643 1008 2679 non
1021 2632 1116 2692 diligit,
1127 2632 1229 2691 peccato

145 2703 248 2752 venerat
255 2703 390 2762 perlectam
407 2699 621 2748 circumcisionem
632 2698 676 2746 de·
701 2699 821 2747 obnoxius
831 2701 877 2747 est.
888 2700 949 2757 Ergo
958 2710 1008 2745 uon
1016 2699 1112 2759 diligit,
1120 2698 1163 2761 qui
1172 2709 1230 2761 pec-

145 2773 331 2821 monstraturus.
354 2772 391 2818 De
411 2782 461 2831 quo
478 2780 527 2816 uon
543 2768 603 2829 puto
622 2780 675 2817 esse
701 2768 754 2828 cat;
773 2768 862 2816 caritas
873 2768 942 2814 enim
951 2768 1139 2815 multitudinem
1150 2767 1231 2826 operit

145 2841 439 2891 diutiusdeliberandum.
448 2840 509 2888 llam
516 2838 538 2887 si
546 2836 675 2899 peccatum
699 2838 865 2897 peccatorum.
884 2835 954 2896 Quod
972 2838 993 2885 si
1010 2835 1097 2883 caritas
1112 2834 1231 2896 peccandi

144 2911 224 2960 tuctus
233 2911 283 2970 est,
295 2910 411 2958 utnostra
419 2909 521 2968 peccata
528 2906 674 2954 mundaret:
700 2906 810 2954 excludit
818 2905 940 2965 allectum,
948 2903 1145 2965 quandoquidem
1154 2903 1231 2951 etiam

145 2979 167 3026 si
184 2979 343 3028 maledictum
353 2989 398 3038 pro
408 2975 480 3024 nobis
490 2975 568 3023 tactus
578 2975 631 3034 est,
647 2974 675 3021 ut
699 2973 813 3026 timorem
823 2973 933 3022 excludit
944 2973 1023 3034 toras3
1043 2974 1117 3033 plena
1134 2971 1171 3019 est
1179 2972 1231 3018 uti-

145 3047 217 3110 Legis
227 3049 358 3097 maledicta
365 3045 497 3104 vacuaret,
508 3057 537 3092 ea
545 3044 641 3091 ratione
649 3044 675 3091 et
699 3054 746 3102 que
755 3041 870 3102 perlectae
877 3040 936 3088 fidei
947 3041 1045 3090 caritas.

145 3119 305 3166 circumcisus
313 3127 357 3175 pro
368 3113 438 3161 nobis
448 3114 498 3171 est,
508 3111 537 3159 ut
544 3111 674 3160 circumci-
728 3111 752 3158 8.
764 3109 875 3170 Denique
886 3107 1005 3169 apostoli,
1017 3109 1061 3171 qui
1071 3106 1230 3170 interierunt

144 3187 242 3235 sionem
252 3180 561 3244 mnuamenetmaturus
569 3180 674 3227 salutem
698 3177 787 3237 amici,
802 3177 938 3226 dixerunt:
951 3178 1047 3239 Adoope
1064 3177 1130 3224 nodis
1146 3176 1228 3234 fidem,

145 3255 236 3303 crucis.
698 3247 835 3308 petentesa
850 3246 913 3292 bono
924 3245 1035 3304 medico,
1056 3244 1085 3292 ut
1102 3243 1229 3290 infirman-

175 3325 200 3371 5.
212 3321 305 3383 Spiritu
312 3320 388 3382 igitur
398 3330 432 3369 ex
439 3317 488 3367 fide
495 3329 563 3378 spem
570 3315 674 3376 justitiae
697 3316 748 3364 tem
759 3315 786 3362 in
796 3326 822 3362 se
841 3313 916 3361 fidem
930 3314 1038 3361 sanaret.
1057 3311 1229 3359 infirmabatur

144 3390 335 3452 exspectandam
344 3387 415 3436 nobis
430 3387 522 3435 adserit
530 3386 672 3446 apostolus,
697 3385 778 3433 adhuc
793 3383 853 3432 fides
868 3383 895 3430 in
911 3383 956 3442 iis,
977 3395 1033 3430 cum
1045 3379 1143 3429 audiret
1153 3380 1229 3433 etiarn

145 3459 171 3506 et
190 3459 218 3505 in
236 3456 378 3506 libertatem
397 3455 510 3512 vocatos,
532 3453 672 3501 libertatem
697 3455 804 3502 Petrus:
821 3453 925 3499 Minime
940 3451 995 3510 fidei
1011 3462 1084 3512 quare
1101 3446 1229 3496 dubitasti?

144 3525 250 3574 nostram
262 3525 290 3572 in
300 3523 454 3572 occasionem
471 3520 552 3568 carnis
562 3532 612 3566 non
630 3520 673 3566 de·
697 3525 758 3582 Ergo
766 3520 826 3567 fides
833 3519 902 3567 velut
910 3519 1002 3578 praeuia
1010 3515 1229 3575 caritatisoccupat

142 3594 204 3644 bere
214 3594 337 3643 conterre.
353 3591 479 3653 Siquidem
489 3603 562 3651 neque
573 3591 673 3636 cr'rcum·
697 3592 818 3646 auimam,
836 3587 862 3633 et
871 3585 990 3646 praeparat
999 3585 1098 3631 semitas
1116 3584 1228 3631 venturae

142 3666 199 3713 cisio
214 3665 303 3724 aliquid
319 3663 394 3720 volet,
414 3674 487 3722 aeque
504 3658 643 3719 munatium
663 3670 672 3702 .·
697 3655 832 3704 dilectioni.
845 3653 887 3700 Sic
897 3652 976 3700 omnis
983 3651 1043 3698 fides
1053 3650 1104 3710 est,
1114 3651 1158 3699 ubi
1169 3663 1227 3712 per·

142 3734 305 3793 eedfidesqoae
320 3745 363 3792 per
373 3732 496 3779 coriwlem
506 3729 627 3788 operator.
643 3725 672 3772 rt
697 3723 772 3771 tectio
788 3721 906 3768 caritatis.
1105 3770 1109 3775 ,

142 3801 201 3850 ideo
219 3800 339 3860 scriptum
359 3799 397 3846 est
412 3812 420 3843 r
436 3799 523 3858 Ddipes
543 3795 672 3844 Dominum
726 3792 750 3840 9.
768 3790 825 3837 ldeo
835 3789 896 3849 puto
912 3786 961 3834 dici
978 3785 1036 3848 quia
1048 3785 1137 3834 caritas
1148 3783 1226 3832 credit

142 3874 220 3922 Deum
235 3874 311 3919 tuum.
322 3869 370 3927 eri
382 3868 464 3915 autem
481 3864 575 3925 diligit,
586 3863 672 3922 ulique
696 3859 794 3918 omnia,
806 3859 851 3905 boc
863 3857 914 3915 est,
925 3855 985 3919 iacit
993 3855 1067 3903 fidem
1079 3853 1160 3900 omnis
1171 3864 1226 3898 cre·

143 3939 237 3998 credit,
255 3938 281 3986 et
298 3935 420 3984 credendo
433 3934 601 3993 unusquisque
616 3930 672 3978 dili·
696 3927 770 3986 dere,
800 3926 825 3973 et
846 3925 938 3973 babere
959 3921 1098 3987 hujusmodi
1118 3920 1224 3967 animaru

142 4019 201 4067 gere
210 4006 305 4066 incipit.
312 4001 548 4063 beniquenbrannm
557 3997 672 4058 credidit,
697 4007 793 4045 omnem
804 3994 888 4042 tidem.
906 3995 938 4040 iic
949 3985 994 4054 pcr
1004 3993 1053 4050 boe
1061 3987 1225 4102 ub²i⁷pcriects
