2760 4800
160 379 208 430 236
530 383 672 429 dilicit
691 382 859 428 Adbfloslt
1182 447 1189 461 Ι

162 465 293 513 Erubescat
310 467 437 526 senectus,
449 477 503 526 quas
518 465 650 512 emendare
661 477 688 512 se
713 477 768 523 qua
784 462 899 522 inerunt,
910 463 1053 523 reposcunt,
1065 463 1185 524 exemplo
1201 471 1243 512 suo

161 542 210 580 non
226 535 314 594 potest.
332 537 385 582 Non
398 546 517 581 annorum
533 533 636 581 canities
651 532 688 580 est
712 533 845 580 admonent
858 531 978 593 quantum
993 532 1122 580 christiani
1137 533 1243 592 impera·

161 599 271 660 laudata,
283 601 544 650 sedmorum.llnnnns
555 602 687 648 nunoueat
713 602 777 649 tores
794 601 923 661 religioni,
940 613 1013 660 quam
1031 602 1185 661 sequuntur,
1201 599 1243 647 de·

149 669 193 717 vad
208 669 310 717 meliora
329 668 441 718 transire.
453 672 503 718 lloc
519 671 596 716 solum
611 669 688 715 habe·
713 669 787 716 beant
797 669 893 716 deterre
903 668 1064 729 reverentiae3
1074 669 1175 730 quando
1185 679 1242 727 gen·

160 735 687 798 barucommnuecnmbarbaris,quiabeum
713 737 768 784 tiles
785 738 999 796 superstitionibus
1008 738 1060 785 suis
1075 738 1162 784 omnia
1173 729 1247 784 dctn-'

160 806 234 852 antea
251 806 400 853 nesciebam.
411 805 561 852 Sacrificium
579 806 687 852 vestrum
714 806 802 852 lerunt.

161 871 224 919 ritus
245 872 282 919 est
301 871 434 920 bestiarum
460 885 552 919 cruore-
568 872 686 931 respergi.
744 873 1126 938 lt'.ltndnmcoepimus,et1am
1136 885 1241 933 sequan-

160 938 226 999 Quid
232 939 258 987 in
266 940 368 988 mortuis
377 940 512 1000 pecudibus
522 941 632 1001 quaeritis
643 941 687 986 Dei
714 941 754 986 tur
770 943 891 989 exclusos.
902 944 948 989 Nos
963 942 1081 1002 sangnine
1097 942 1240 1003 gloriamur,

161 1008 249 1058 voces?
259 1009 362 1069 Venite,
378 1011 403 1056 et
413 1008 502 1056 discite
515 1009 541 1055 in
553 1009 623 1055 terris
639 1022 688 1055 coe·
714 1009 768 1056 illos
779 1010 934 1068 dispendium
946 1010 1036 1058 movet.
1045 1012 1094 1058 Nos
1104 1012 1158 1059 baec
1168 1011 1240 1058 victo·

160 1076 372 1130 leatemmilitiam
385 1091 392 1124 ε
404 1078 444 1125 hic
459 1076 580 1136 vivimus,
595 1077 687 1125 et¹illic
713 1079 756 1124 riae
766 1079 819 1124 loco
828 1078 952 1137 ducimus,
964 1079 1001 1125 illi
1012 1079 1131 1136 iniuriam
1147 1077 1237 1138 putant.

161 1146 305 1194 militamus.
321 1145 381 1194 Coeti
396 1147 541 1207 mysterium
552 1147 637 1193 doceat
648 1159 687 1193 me
713 1146 848 1205 Numquam
866 1147 936 1193 nobis
947 1148 1052 1207 amplius
1070 1147 1237 1207 contuleruut,

161 1214 227 1263 Dens
244 1214 310 1274 ipse,
325 1214 368 1275 qui
385 1214 494 1262 condidit
510 1229 517 1260 a
535 1227 583 1261 non
600 1215 687 1272 homo,
713 1227 785 1272 quam
802 1227 859 1262 cum
869 1215 994 1263 verberari
1009 1216 1158 1263 christianos
1168 1217 1237 1276 atqua

160 1283 203 1344 qul
223 1296 250 1331 ae
268 1283 347 1343 ipsum
363 1283 493 1342 ignoravit.
509 1283 552 1330 Cui
566 1284 643 1342 magis
657 1282 687 1330 de
713 1283 830 1339 proscribi
841 1283 1237 1341 acnecarijuberentmunmna

160 1352 227 1412 Deo,
238 1357 314 1412 quam'
319 1352 372 1399 Deo
381 1351 494 1398 credam?
501 1352 624 1410 Quomodo
633 1364 688 1410 pos-
713 1349 772 1396 tecit
781 1351 881 1411 religio,
889 1353 954 1412 quod
962 1352 1065 1412 pertidia
1075 1353 1181 1412 putabat
1190 1364 1236 1400 esso

162 1433 216 1469 aum
232 1421 301 1468 vobis
318 1420 434 1478 credere,
450 1419 494 1480 qui
512 1419 626 1468 fatemini
644 1434 688 1469 vos
712 1410 870 1479 supplicium.
889 1421 977 1468 Videte
997 1423 1179 1483 magnanimos.
1197 1423 1237 1469 Per

161 1490 273 1551 ignorare
283 1488 348 1549 quod
359 1487 453 1536 colitisl
713 1487 828 1548 injurias,
839 1501 884 1549 per
895 1489 1014 1550 inopiam,
1030 1503 1077 1550 per
1092 1490 1236 1551 supplicium

191 1559 216 1607 8.
235 1559 301 1618 Uno,
320 1558 414 1618 inquit,
433 1552 522 1605 itinere
541 1570 590 1605 non
607 1558 688 1618 potest
712 1568 756 1604 nos
768 1557 952 1606 crevimuaailli
963 1558 1236 1607 ceremoniaaauasaim

162 1627 287 1690 perveniri
292 1624 323 1673 ad
328 1627 377 1673 tarn
385 1627 611 1686 grandesecretuur.
619 1627 688 1685 Quod
712 1628 806 1686 quaestu
815 1639 915 1674 manere
925 1639 995 1688 posse
1005 1640 1054 1675 non
1065 1627 1181 1675 eredunt.

162 1709 206 1746 vos
216 1695 344 1756 ignoratis,
357 1695 382 1742 id
392 1707 435 1742 nos
446 1695 494 1742 Dei
504 1708 564 1742 voce
575 1697 689 1756 cognovi,
743 1694 781 1741 li.
798 1697 924 1757 Habeant,
935 1695 1029 1758 inquit,
1039 1697 1155 1744 Vestales
1168 1695 1236 1756 virgi·

162 1777 225 1812 mus.
235 1761 339 1823 thuod
356 1776 400 1810 vos
413 1763 591 1824 suspicionibus
601 1765 688 1825 qnaeri-
712 1775 756 1810 nes
774 1764 954 1813 immunitatem
971 1757 1049 1814 suarn'.
1070 1766 1162 1813 Dicant
1184 1765 1236 1823 boc,

162 1833 209 1893 tis,
217 1845 262 1880 nus
270 1842 302 1880 ex
310 1831 361 1892 ipsa
369 1832 541 1892 sapientiaDei
549 1834 574 1880 et
582 1834 687 1881 veritate
712 1832 755 1890 qui
768 1833 883 1881 nesciunt
898 1834 1013 1893 credere,
1024 1835 1092 1894 qnod
1102 1834 1237 1894 possit-essa

133 1903 137 1911 '
162 1901 314 1963 compertum
333 1901 460 1949 babemus.
478 1903 530 1948 Non
553 1905 688 1964 congruunt
712 1900 816 1958 gratuita
833 1902 980 1962 virginitas:
997 1903 1134 1962 provocent
1153 1900 1236 1958 lucris,

161 1968 239 2031 igitur
250 1971 330 2018 vestra
339 1970 475 2018 nobiscum.
486 1971 535 2018 Vos
545 1983 630 2029 pacem
641 1971 688 2018 diis
712 1967 755 2027 qui
766 1968 879 2018 dillidunt
888 1970 1031 2018 virtutibus.
1040 1971 1151 2028 Quantas
1161 1969 1237 2016 umen

162 2039 289 2089 vestrisab
297 2037 486 2098 imperatoribus
495 2039 688 2099 obsecratia,nos
713 2033 1237 2098 illisvirgineapraemiapromiasaiecerunti

162 2108 221 2168 ipsis
243 2106 464 2167 imperatoribusa
489 2107 583 2154 Christo
602 2119 688 2167 pacem
713 2104 760 2151 Vix
770 2107 865 2165 septem
876 2107 986 2155 Vestales
997 2105 1132 2166 capiuntur
1143 2105 1236 2166 puella.

161 2188 282 2236 commus.
294 2177 342 2224 Vos
356 2187 473 2223 manuum
483 2176 617 2222 vestrarum
632 2175 688 2222 ado·
713 2175 747 2220 En
759 2173 824 2222 totus
834 2188 966 2236 numerus,
976 2189 1051 2237 quem
1064 2175 1151 2222 infulae
1161 2171 1236 2223 vittati

161 2243 687 2305 ratlsopcra,nosinjuriamducimusonrne
713 2243 1119 2304 capitis,purpuratarumrestium
1127 2243 1238 2300 murices,

161 2314 226 2375 quod
248 2314 303 2362 beri
321 2314 401 2374 polest
423 2315 504 2360 Deum
525 2313 616 2373 putari.
635 2316 688 2362 Non
713 2323 801 2371 pompa
812 2313 905 2360 lecticas
916 2311 1084 2359 ministrorum
1095 2309 1237 2358 circumfusa

161 2382 216 2431 vult
232 2395 259 2430 se
277 2383 344 2430 Deus
360 2382 385 2429 in
401 2381 526 2442 lapidibus
544 2381 600 2428 coli.
613 2383 688 2430 Deni—
713 2382 843 2441 comitatu,
854 2382 983 2442 privilegia
994 2380 1196 2439 maxima,lucra
1206 2378 1238 2424 iu-

161 2461 211 2509 que
229 2449 304 2496 ctiam
323 2449 370 2511 ipsi
386 2448 531 2510 philosophi
548 2448 625 2497 vestri
642 2450 687 2498 ista
712 2450 808 2509 gentia,
826 2451 968 2509 prescripta
987 2448 1097 2509 deniqne
1114 2447 1238 2509 pudicitia

162 2517 278 2566 riserunt.
713 2519 821 2576 tempora
840 2518 980 2577 coegerunt.

192 2585 216 2634 9.
232 2585 330 2643 Quodsi
350 2585 459 2634 resideo
476 2586 598 2635 Christum
609 2589 687 2636 Deum
743 2587 780 2634 la.
793 2587 914 2633 Adtoltant
924 2585 1016 2634 mentis
1024 2586 1050 2634 et
1061 2585 1171 2646 carpens
1184 2597 1238 2632 ocu·

161 2653 269 2714 negatis,
280 2656 338 2716 quia
356 2655 426 2703 illum
437 2655 558 2703 mortuum
576 2669 687 2704 essenon
713 2657 759 2713 tos,
770 2655 870 2701 vineant
883 2655 982 2713 plebem
997 2654 1113 2713 pudoris,
1124 2653 1238 2714 populum

161 2724 262 2772 creditis
278 2723 395 2786 (nescitis
413 2724 477 2771 enim
488 2725 554 2784 quod
570 2738 634 2772 mora
645 2727 686 2772 illa
714 2721 1238 2781 integritatis,conciliumrirginitatis.tion

140 2803 141 2811 ¹
161 2793 243 2840 caruis
253 2791 340 2852 luerit,
351 2791 618 2852 nondivinitatis,qnae
629 2793 688 2840 tecit
712 2792 780 2838 vittae
798 2790 872 2850 capiti
884 2791 971 2850 decus,
986 2791 1030 2838 sed
1048 2789 1161 2850 ignobile
1176 2789 1238 2836 vela·

161 2860 190 2909 ut
207 2861 358 2909 credentium
375 2861 426 2919 jam
442 2872 515 2906 inemo
535 2858 686 2921 moriatur);
712 2872 769 2908 men
779 2860 847 2919 usui,
857 2858 940 2906 nobile
951 2859 1057 2907 castitati
1072 2871 1143 2906 cnon
1155 2856 1238 2920 exqui-

161 2929 299 2990 quidnobis
307 2929 549 2990 imprudentius,qui
560 2932 686 2978 contume·
712 2929 772 2987 sita,
789 2929 832 2975 sed
850 2927 1101 2986 abdicatalcnocinla
1120 2924 1238 2986 pulcritu-

160 2997 222 3047 liose
240 3000 334 3060 colitis,
350 3000 375 3048 et
397 2998 529 3046 honorifice
551 2999 685 3059 derogatis3
712 2998 776 3045 dinis
787 3009 794 3042 a
806 3009 855 3044 non
875 2997 917 3042 illa
935 3008 1101 3056 purpurarum
1121 2995 1238 3054 insignia,

98 3118 101 3122 ,
160 3068 270 3116 vestrum
281 3068 347 3116 enim
363 3068 442 3113 Deum
450 3066 546 3125 lignum
560 3067 687 3125 putatiso
712 3079 760 3113 non
769 3067 841 3113 luxus
849 3063 1239 3124 deliciarum,sedusus1ejuuio·

161 3136 334 3183 contumeliosa
340 3134 477 3182 reverentia
484 3133 490 3180 l
498 3134 618 3181 Christum
626 3137 686 3183 mori
712 3148 766 3182 rum
776 3147 782 3180 c
791 3146 840 3181 non
849 3133 991 3194 privilegia,
1000 3145 1050 3179 non
1059 3133 1130 3180 lucra
1141 3145 1148 3179 a
1159 3130 1239 3179 omrrla

161 3203 687 3266 potuissenoncreditis.ouonorifieaper-
711 3207 833 3264 postremo
858 3203 929 3261 mlta,
949 3201 1106 3272 uttrevocari
1126 3213 1142 3247 a
1160 3198 1240 3248 studio

132 3300 135 3308 ι
161 3273 271 3322 vicaciat
711 3273 863 3332 putes‚dum
872 3272 1019 3318 exercentur
1027 3269 1116 3318 ottloia.
1126 3270 1240 3318 Scddum

192 3337 687 3400 ibscdnetera,inquit,reddcndaaunt
712 3343 842 3390 exercetur
857 3340 978 3398 cilicium,
997 3339 1107 3386 studium
1124 3349 1241 3398 provoca·

161 3406 247 3456 altaria
256 3407 406 3467 simulacris,
414 3409 557 3456 ornamenta
567 3407 685 3458 delubris.
712 3414 761 3459 tur.
772 3411 827 3458 Suis
837 3410 934 3457 castitas
945 3408 1084 3455 cumulatur
1093 3405 1240 3466 dispendiis.

161 3473 327 3534 lleposcantur
341 3475 394 3524 baec
409 3487 423 3522 a
442 3477 552 3523 consorte
571 3479 687 3536 supersti-
711 3481 767 3526 Nou
775 3489 821 3526 usn
832 3477 1035 3538 virginitasque
1045 3475 1128 3535 pretio
1135 3474 1240 3531 emitur,

161 3543 236 3594 tionis
247 3557 254 3590 a
266 3543 412 3592 christianus
423 3543 556 3602 imperator
571 3556 637 3591 aram
647 3559 686 3594 so·
712 3558 759 3593 non
769 3545 869 3593 virtutis
879 3545 960 3592 studio
974 3542 1114 3603 possidetur
1125 3555 1133 3588 a
1145 3553 1194 3589 non
1205 3540 1242 3589 est

161 3614 209 3661 lius
222 3611 310 3659 Christi
321 3611 411 3659 'didicit
421 3613 550 3660 bonorare.
561 3613 625 3672 Quid
635 3627 686 3662 ma·
711 3615 837 3674 integritas
843 3624 1003 3672 quaecumque
1011 3610 1037 3659 in
1045 3610 1164 3658 auctione
1170 3623 1242 3657 nurn-

160 3693 206 3730 nus
215 3680 268 3740 pias
278 3680 304 3726 et
314 3691 355 3726 ora
366 3679 447 3727 tidelia
458 3680 624 3728 ministerium
635 3682 686 3729 suis
711 3683 787 3729 mario
798 3681 830 3729 ad
848 3682 945 3740 tempus
955 3679 1068 3728 licitatur
1082 3677 1240 3738 compendio.

161 3748 249 3810 cogunt
257 3747 389 3807 sacrilegiis
398 3747 596 3796 exhibercivox
607 3750 687 3809 impe-
713 3750 799 3796 Parma
817 3759 966 3797 cassinens
984 3747 1089 3795 victoria
1108 3747 1147 3794 est
1166 3745 1242 3793 tacut·

160 3816 455 3869 catonianostritlbristnm
463 3819 575 3878 resultet,
582 3818 607 3865 et
616 3819 684 3866 illum
711 3821 789 3866 tatum
804 3819 951 3879 cupiditates
966 3817 1081 3877 vincere3
1102 3817 1161 3876 qnia
1179 3817 1242 3862 lucri

160 3887 251 3946 solum,
262 3896 336 3945 quem
347 3885 435 3944 sentit,
444 3886 570 3943 loquatur;
581 3889 637 3945 puio
646 3901 686 3934 cor
710 3886 818 3934 studium
823 3885 1002 3933 tentamentum
1007 3884 1108 3945 pudoris
1114 3884 1244 3931 esemona-

161 3957 222 4016 reeic
235 3956 258 4002 ia
272 3965 344 4000 caracui
359 3953 411 3999 lici.
422 3952 543 4011 Numquid
554 3953 686 4011 imperator
710 3965 764 3999 mua
781 3954 864 4000 tamen
879 3953 987 4002 subsidia
1004 3952 1146 4013 largitatum
1156 3950 1243 4000 conie-

163 4021 261 4084 gentllia
275 4032 341 4071 aram
351 4017 445 4070 cbristo
456 4018 567 4069 levaritt
581 4021 644 4070 Dum
656 4033 684 4071 ea
710 4018 785 4070 reuda
803 4020 949 4082 virginibus.
962 4018 1019 4085 Quae
1031 4021 1175 4071 cbrbtiauia
1186 4030 1244 4070 ma·
