2760 4800
1172 355 1179 378 i

381 404 423 450 DE
439 407 517 452 FIDE
533 407 845 466 RESURREOEIONIS,
861 413 961 458 LIBER
979 416 1011 457 ll.
1194 412 1238 462 {63

153 483 252 544 sponsi3
265 484 299 532 sic
309 484 375 533 enim
385 487 474 537 habes:
484 489 515 539 Oe
522 493 584 540 enim
590 494 687 540 Domini
712 494 805 541 semina
811 495 906 543 certum
917 495 949 544 sit
958 495 1098 543 irruaturam
1107 496 1168 545 verti
1178 498 1240 545 alte·

156 551 276 610 loquetura
288 557 334 612 est,
346 559 368 604 et
379 557 453 605 dicent
464 560 499 606 die
508 559 558 607 ille.
567 560 632 617 Quid
640 560 686 619 igi·
712 573 762 608 ram
769 564 918 624 nequivisse,
928 577 972 612 uec
980 564 1077 623 partum
1089 566 1139 613 suis
1148 566 1239 613 discor-

155 621 197 667 tur
206 634 233 669 os
240 624 338 670 Domini
346 625 474 685 loquutum
484 627 517 675 sit
524 629 626 688 populos
633 641 685 676 esse
710 629 766 677 dem
785 631 861 681 tuisse
875 634 1024 692 seminibus3
1037 633 1066 681 ut
1081 646 1113 681 ex
1125 637 1238 695 serpente

155 689 280 751 dicturos,
294 692 321 739 in
339 694 515 753 posterioribus
532 697 684 757 declaratur,
710 699 822 748 hominos
832 694 1000 761 nascerentur,
1010 703 1039 750 ut
1052 714 1108 750 caro
1117 703 1238 751 erueru-

153 758 602 824 ubiscriptumestrl’roptcrtimorcm
609 767 684 822 iuern,
710 766 755 814 hus
775 768 1034 831 gignereturtquauto
1054 771 1131 830 magis
1150 770 1236 832 utique

152 829 267 888 Domine,
278 831 305 877 in
315 827 515 892 nteroecccpimus
526 835 548 880 et
556 835 684 893 parturiri-
709 835 859 884 credendum
875 838 928 898 est,
943 848 1112 899 quaecumque
1124 838 1182 888 sunt
1199 850 1238 886 se-

152 899 321 958 rnnsspiritnm
334 901 416 948 solutis
428 903 487 959 tuce,
503 914 570 961 qnem
586 902 685 959 efflrdisti
708 902 814 962 minata,
831 905 858 952 in
878 917 945 952 suam
963 906 1075 953 naturam
1090 919 1237 968 resurgere,

152 977 223 1026 snper
234 968 330 1015 terrum.
343 969 430 1016 Cadent
441 971 481 1029 qui
497 969 684 1017 inlmbitonttcr·
707 981 753 1017 nec
765 983 778 1018 a
789 972 883 1020 satione
902 986 946 1021 sua
966 974 1061 1033 segetes
1080 974 1237 1036 discrepare,

153 1042 221 1091 rum,
232 1038 352 1096 resurgent
362 1037 403 1096 qm'
412 1038 439 1084 in
449 1038 603 1084 monumentis
614 1040 683 1098 sunt,
707 1051 753 1087 nec
763 1040 829 1088 duris
834 1042 918 1089 mollia
924 1055 969 1090 nec
975 1043 1088 1090 mollibus
1096 1043 1155 1090 dura
1162 1044 1238 1091 viris-

152 1112 193 1150 ros
210 1102 277 1150 enim
287 1105 330 1164 qui
347 1105 391 1152 abs
408 1105 448 1165 te,
465 1104 555 1153 sanitas
572 1106 608 1151 est
619 1105 683 1165 illis,
708 1118 780 1167 cere,
796 1110 884 1155 necin
899 1111 1044 1168 sanguinem
1058 1123 1156 1159 venena
1179 1123 1237 1158 cou-

153 1173 221 1218 ierra
232 1184 291 1219 nero
302 1171 433 1232 impiorum
444 1172 545 1232 peribit.
563 1173 682 1234 hrnbula,
707 1176 771 1223 verti
779 1189 786 1236 ;
794 1178 838 1225 sed
848 1190 946 1226 carnem
957 1179 987 1226 de
1000 1191 1089 1238 earne,
1100 1192 1126 1227 os
1137 1179 1168 1226 de
1178 1181 1237 1227 ossi-

152 1240 346 1299 populusmens,
356 1243 382 1287 et
389 1239 454 1286 intra
463 1241 489 1286 iu
497 1251 606 1287 recessus
618 1240 682 1290 tuos.
707 1242 917 1304 bus‚sanguinem
928 1247 959 1294 de
971 1247 1099 1306 sanguine,
1108 1247 1236 1295 humorem

152 1309 307 1357 abscondere
318 1309 507 1370 aliquantulum,
518 1307 594 1356 donec
604 1309 683 1378 tram-
707 1298 848 1361 de‘humore
858 1315 1087 1375 repararil’otestis
1097 1327 1154 1375 ergo
1161 1347 1168 1374 ,
1176 1329 1237 1376 gen-

153 1378 194 1424 eat
204 1377 240 1423 ira
251 1378 306 1425 Dei.
706 1379 777 1439 tiles,
797 1381 997 1445 reformationem
1017 1394 1108 1442 negare
1125 1384 1233 1442 naturae,

135 1497 138 1500 ,
184 1445 223 1502 68.
234 1447 383 1505 Quambeue
392 1461 502 1498 recessus
513 1462 565 1499 esse
574 1449 681 1509 signavit
706 1449 748 1508 qni
759 1451 922 1499 mutationem
933 1453 1036 1512 potestis
1049 1452 1177 1500 adsereret
1191 1453 1236 1499 Po·

152 1514 261 1562 mutulos
272 1516 440 1575 mortuorum,
457 1518 546 1577 quibus
556 1518 682 1578 pauxillu·
706 1517 775 1566 testis
783 1531 832 1567 non
847 1520 947 1568 credere
958 1520 1080 1579 oraculis,
1090 1533 1140 1567 non
1155 1522 1234 1568 Eran-

152 1584 206 1630 lum
216 1585 403 1646 abscondimur3
415 1587 479 1634 utin
488 1586 611 1645 iudicium
623 1587 680 1646 Dei,
706 1586 783 1645 gelio,
794 1599 843 1634 uon
860 1587 1013 1648 prophetiis,
1025 1587 1069 1647 qui
1080 1586 1171 1635 fabulis
1181 1587 1236 1635 ina·

151 1653 219 1712 qnod
233 1667 276 1714 pro
292 1650 381 1703 nostris
400 1654 533 1703 sceleribus
542 1656 680 1714 jusdebitae
706 1655 778 1705 nibus
786 1657 904 1706 creditis?
1119 1704 1121 1708 ,

151 1722 451 1783 indignationisadsumet,
458 1724 610 1771 tolerabilius
616 1724 682 1771 tran-
736 1723 887 1783 insertam
898 1727 979 1786 ipsum
991 1727 1233 1788 audiamusprophe-

80 1818 83 1825 ·
151 1791 201 1839 sire
213 1794 346 1854 possimus!
357 1795 425 1843 Vivit
440 1795 515 1855 igitur
526 1793 568 1854 qui
580 1793 681 1841 abscon·
706 1791 754 1836 tam
763 1805 770 1849 ;
780 1792 813 1839 sic
822 1793 888 1839 enim
900 1794 935 1841 ait
946 1798 993 1842 :Et
1004 1797 1068 1854 facto
1079 1798 1112 1844 cst
1122 1809 1235 1855 supreme

150 1860 219 1909 ditur
236 1864 263 1911 et
291 1863 411 1923 quiescit,
432 1863 502 1923 quasi
520 1875 534 1910 e
554 1863 635 1909 medio
654 1877 680 1911 se
705 1871 789 1908 neonus
809 1862 917 1918 Domini,
936 1866 958 1909 et
973 1865 1057 1910 educit
1068 1876 1105 1910 me
1116 1867 1142 1910 in
1152 1864 1233 1923 spiritu

150 1929 297 1980 subtrabens
308 1933 334 1980 et
349 1931 482 1990 recedens3
504 1942 535 1977 ne
551 1943 608 1978 eum
626 1942 681 1978 arc·
705 1928 829 1985 Dominus,
842 1931 948 1990 etposnit
963 1944 999 1976 me
1011 1931 1036 1976 in
1053 1931 1126 1977 medio
1137 1944 1232 1990 eampo,

150 1998 255 2047 tioribus
268 2000 363 2061 laqueis
376 1999 462 2047 muudi
482 1999 556 2058 huius
572 1999 680 2047 involvat
705 1997 727 2042 el
744 1995 781 2042 bic
802 1999 853 2044 eret
867 1999 947 2057 plenus
965 1999 1052 2046 ossibus
1066 1998 1195 2057 bumnnis;
1212 2002 1234 2044 et

151 2079 259 2114 aerumna
266 2101 274 2128 ‚
282 2068 371 2129 quibus
378 2068 511 2127 repositam
520 2065 681 2125 resurrectio-
705 2065 860 2113 circumcinxit
869 2079 906 2113 me
915 2081 956 2126 per
964 2080 1047 2127 gyrum
1058 2079 1147 2125 eornm,
1158 2070 1179 2114 et
1184 2080 1233 2113 ecce

151 2135 191 2183 nis
202 2149 255 2184 esse
265 2137 391 2196 letitiam,
403 2135 582 2196 sanitatemque
594 2147 680 2194 corpo-
705 2143 758 2179 oasa
776 2134 851 2181 multo
861 2135 928 2181 uelde
936 2137 964 2198 *in
975 2135 1035 2194 facie
1056 2136 1145 2193 compi,
1165 2135 1233 2181 orion

151 2216 207 2251 rum
216 2206 350 2254 solutorum
357 2205 441 2253 divino
452 2216 507 2251 rore
518 2204 679 2262 reparabilem
705 2201 783 2249 nimis.
794 2202 826 2249 nt
836 2204 869 2249 eii
880 2204 910 2248 col
921 2216 957 2249 me
967 2218 975 2249 .·
984 2204 1031 2250 Fili
1048 2203 1160 2259 bominis,
1170 2205 1192 2250 si
1200 2204 1233 2249 ei·

150 2272 260 2320 coelestia
284 2272 381 2320 oracula
407 2270 559 2332 propheticis
579 2270 680 2319 vocibus
705 2270 755 2316 emt
765 2282 817 2317 osso
827 2269 888 2317 ista?
898 2271 930 2318 nt
938 2272 991 2318 dixi
1001 2285 1009 2317 .·
1019 2271 1132 2328 Domine,
1144 2273 1169 2317 tn
1178 2271 1231 2317 scis.

151 2339 306 2396 pollicentur.
313 2341 411 2389 litbene
419 2339 679 2400 rossigniticatur,quo
704 2336 736 2382 Et
746 2338 780 2384 nit
790 2339 821 2384 nd
830 2351 868 2384 me
876 2353 884 2384 .·
893 2338 1036 2399 Prophetiam
1046 2353 1114 2399 snper
1125 2351 1177 2386 ossa
1187 2339 1232 2385 isin

149 2406 266 2464 genitalia
275 2408 355 2455 omnia
365 2408 486 2455 terrarum
498 2406 591 2454 semina
602 2405 679 2454 susci·
703 2405 725 2450 ct
735 2405 863 2454 diceritis:
873 2408 930 2455 Ossa
949 2409 1017 2455 ertio
1028 2407 1089 2465 boec,
1098 2408 1232 2454 onditeoer-

115 2498 120 2506 =
151 2477 241 2524 tantur.
252 2477 317 2535 Quin
326 2477 401 2536 igitur
413 2476 502 2522 mirum
511 2474 532 2522 si
543 2474 679 2522 fatiscentis
705 2470 759 2517 bum
769 2475 874 2520 Domini.
894 2476 949 2522 Hoec
959 2476 1013 2522 dicit
1022 2476 1137 2522 Dominus
1145 2473 1232 2520 ossibus

148 2539 679 2604 quoquecorporisuostricineresactarillae
703 2539 751 2587 istis
762 2554 770 2586 .·
781 2542 840 2589 llere
862 2555 903 2603 ego
921 2543 1004 2590 induco
1022 2543 1048 2591 in
1065 2556 1106 2591 vos
1124 2542 1232 2602 spiritum

149 2614 298 2673 pinguedine
309 2614 416 2663 eoelestis
423 2612 483 2660 roris
492 2611 644 2671 exuberant,
653 2613 678 2659 et
703 2609 770 2667 vite,
781 2613 803 2657 et
814 2611 873 2658 dabo
884 2613 910 2658 in
920 2625 960 2659 uos
977 2606 1072 2668 amoos,
1085 2614 1106 2658 et
1116 2612 1230 2658 oddaram

148 2684 249 2743 accepto
258 2685 360 2730 humore
371 2680 456 2736 vitali,
468 2679 495 2725 in
510 2679 677 2738 compaginem
702 2687 771 2734 snper
781 2679 930 2735 noscerem,
943 2679 964 2724 el
976 2679 1101 2725 extendam
1112 2690 1181 2736 snper
1191 2689 1231 2724 nos

147 2764 218 2798 suam
238 2751 405 2797 membrorum
425 2747 563 2793 nostrorum
579 2745 678 2796 habitus
702 2745 790 2801 cutem,
809 2747 831 2792 el
846 2744 906 2792 dabo
918 2747 1031 2804 Spiritum
1050 2747 1163 2792 menmin
1175 2757 1231 2801 oos;

146 2818 333 2867 reformantur?
703 2813 724 2859 et
740 2815 833 2871 mactis,
843 2816 865 2861 et
875 2815 949 2861 scietis
960 2815 1021 2873 quod
1036 2826 1076 2874 ego
1087 2827 1139 2860 snm
1150 2816 1231 2860 Domi-

178 2888 219 2935 69.
229 2885 385 2934 Docetetiam
396 2886 493 2935 sauctus
500 2884 614 2932 Ezechiel
623 2898 678 2949 pro·
702 2891 754 2926 nus.
766 2882 797 2928 nt
812 2881 947 2941 prophetari
956 2883 1015 2928 sicut
1032 2882 1153 2928 mandarit
1163 2881 1229 2925 mihi.

146 2957 237 3016 pheta,
249 2956 274 3002 ct
290 2955 365 3015 plena
380 2954 533 3015 expositione
545 2952 676 3011 describit,
702 2946 735 2992 Et
745 2946 833 3007 factum
843 2951 876 2996 est
884 2961 936 2994 cnm
948 2949 1110 3008 prophetarem
1120 2947 1167 2993 hec
1181 2960 1230 2993 om-

147 3023 353 3086 quemadmodum
364 3023 490 3071 arentibus
502 3021 571 3081 rigor
584 3021 677 3068 ossibus
702 3016 752 3071 nie,
760 3029 809 3063 0⁶⁶0
818 3016 895 3075 faciut
904 3019 937 3064 erl
948 3019 1014 3064 lerroe
1024 3019 1101 3063 molus
1108 3028 1214 3073 rannone·

148 3092 306 3151 refundatur,
325 3105 410 3141 sensus
426 3089 527 3150 redeat,
546 3089 626 3136 motus
638 3101 678 3136 ac·
733 3083 770 3130 72.
783 3084 844 3132 Vide
855 3097 921 3131 nunc
931 3083 1135 3145 quemadmodum
1151 3083 1175 3129 et
1186 3094 1231 3128 au·

147 3159 234 3216 cedat,
244 3157 375 3217 nervisque
384 3156 560 3216 redeuntibus,
569 3155 677 3214 corporis
702 3150 780 3198 ditum
800 3151 826 3200 in
844 3152 953 3211 ossibus,
964 3153 990 3199 et
1008 3152 1100 3199 motum
1111 3149 1180 3211 prius
1191 3161 1231 3196 os·

147 3239 263 3287 compago
272 3228 377 3286 rigescat
386 3224 489 3273 humani
499 3238 506 3269 r
518 3224 677 3284 quemadmo-
700 3218 787 3269 tendat
797 3235 865 3281 esse,
877 3234 950 3281 quam
961 3222 1020 3271 vitae
1034 3220 1134 3281 spiritus
1145 3219 1230 3266 reiun-

147 3295 204 3342 dum
216 3296 291 3342 nimis
300 3295 367 3342 arida
377 3294 469 3342 renatis
478 3305 531 3340 ossa
538 3291 676 3340 visceribus
701 3295 779 3341 datur.
785 3294 844 3340 Nam
850 3293 875 3341 et
885 3304 959 3353 supra
964 3303 1016 3340 ossa
1024 3290 1092 3338 arida
1100 3290 1229 3349 iubentur,

146 3364 296 3423 vestiantur,
307 3376 475 3423 venarumque
483 3362 575 3420 hiatus,
584 3362 609 3408 et
619 3373 675 3408 sam
700 3362 784 3410 audire
794 3362 967 3422 quasisensum
978 3360 1086 3408 habeant
1097 3359 1226 3406 audiendi:

146 3434 227 3492 guinis
239 3434 333 3481 rivulos
353 3433 461 3481 extentae
478 3433 541 3481 cutis
560 3433 674 3479 velamen
700 3433 725 3480 et
739 3431 780 3479 bic
798 3428 928 3478 accessisse
939 3442 1023 3477 eorum
1040 3428 1229 3487 unumquodque

145 3501 259 3550 obducat.
271 3503 299 3547 lu
316 3502 459 3560 ipsis‚,dum
479 3501 600 3559 legimus,
616 3512 673 3558 pro-
700 3501 731 3546 ad
747 3511 817 3547 suam
828 3498 997 3558 compaginem
1014 3497 1159 3557 prophetico
1176 3508 1229 3543 ser·

145 3569 251 3626 piraticis
262 3569 414 3616 sermonibus
425 3569 586 3615 humanorum
603 3567 674 3614 ride·
699 3580 772 3615 mone
788 3567 896 3626 signatur
911 3580 918 3626 3
939 3566 974 3614 sic
992 3566 1059 3613 enim
1080 3564 1157 3612 habes
1173 3577 1180 3608 a
1197 3565 1229 3610 lit

145 3639 185 3682 tur
204 3648 274 3696 seges
289 3647 419 3695 corporum
440 3633 555 3681 rediviva
576 3644 674 3679 consur·
699 3636 912 3691 concertantem,
924 3635 1102 3694 nnttmqnodqne
1118 3635 1148 3679 ad
1159 3645 1227 3680 snum

144 3715 217 3763 gere,
234 3705 307 3764 atque
318 3703 371 3763 ipsa
387 3702 464 3762 spatia
475 3701 562 3748 diffusa
577 3713 674 3760 campo·
698 3705 865 3763 compaginem.
879 3705 912 3751 Et
928 3704 989 3759 vidi,
1009 3704 1031 3749 et
1041 3715 1090 3748 cece
1100 3714 1169 3760 snper
1185 3701 1228 3747 illo

144 3785 199 3818 rum
211 3771 282 3820 noris
292 3772 376 3821 videas
387 3773 509 3832 pullulare
527 3770 672 3818 semhribns.
698 3773 762 3820 nervi
770 3773 792 3819 et
801 3772 890 3818 uiscera
896 3769 1064 3826 nascebantur,
1076 3769 1227 3821 etodecenie·

172 3840 212 3886 ie.
225 3838 295 3897 Quod
314 3839 335 3887 si
356 3841 454 3887 veteres
473 3837 597 3898 sapientes
614 3839 672 3886 satis
699 3842 815 3901 bolanpcr
825 3855 853 3888 eo
863 3841 920 3886 cutis
935 3840 1043 3898 desuper,
1055 3841 1077 3884 et
1091 3838 1187 3896 spiritns
1201 3838 1226 3880 in

143 3908 215 3968 hydri
229 3908 345 3955 dentibus
357 3908 382 3953 iu
397 3908 496 3966 regione
506 3907 621 3955 'lbeban‘a
633 3909 673 3954 in·
698 3911 733 3959 bin
742 3923 790 3958 non
802 3913 862 3958 eret.

142 3976 265 4023 horruisse
289 3975 437 4023 armatorum
460 3976 569 4034 segetem
592 3977 671 4024 credi·
728 3979 765 4025 75.
781 3979 865 4038 llagna
883 3977 982 4024 Domini
998 3975 1075 4034 gratia
1086 4005 1093 4031 ,
1105 3972 1169 4030 quod
1184 3971 1224 4015 lu·

80 4092 82 4096 .
143 4045 256 4093 derunt:
274 4057 328 4093 cum
351 4043 437 4102 utique
460 4042 561 4090 alterius
579 4044 758 4105 iraturaenturae
777 4045 962 4093 resurrectionis
974 4040 1092 4102 propheta
1103 4038 1171 4086 testis
1182 4039 1226 4085 ad·
