<?xml version="1.0" encoding="UTF-8"?>
<!DOCTYPE html PUBLIC "-//W3C//DTD XHTML 1.0 Transitional//EN"
    "http://www.w3.org/TR/xhtml1/DTD/xhtml1-transitional.dtd">
<html xmlns="http://www.w3.org/1999/xhtml" xml:lang="en" lang="en">
 <head>
  <title>
</title>
<meta http-equiv="Content-Type" content="text/html;charset=utf-8" />
  <meta name='ocr-system' content='tesseract 3.04.00' />
  <meta name='ocr-capabilities' content='ocr_page ocr_carea ocr_par ocr_line ocrx_word'/>
</head>
<body>
  <div class='ocr_page' id='page_1' title='image "./operaomnia03ambrgoog/operaomnia03ambrgoog_0371.png"; bbox 0 0 2746 4800; ppageno 0'>
   <div class='ocr_carea' id='block_1_1' title="bbox 141 373 830 424">
    <p class='ocr_par' dir='ltr' id='par_1_1' title="bbox 141 373 830 424">
     <span class='ocr_line' id='line_1_1' title="bbox 141 373 830 424; baseline -0.007 0"><span class='ocrx_word' id='word_1_1' title='bbox 141 373 188 424; x_wconf 62' lang='grc' dir='ltr'><strong>ἴθι)</strong></span> <span class='ocrx_word' id='word_1_2' title='bbox 513 375 641 423; x_wconf 71' lang='lat' dir='ltr'>sancii</span> <span class='ocrx_word' id='word_1_3' title='bbox 659 374 830 422; x_wconf 73' lang='grc' dir='ltr'><strong>Λιιιιιιθδιι</strong></span> 
     </span>
    </p>
   </div>
   <div class='ocr_carea' id='block_1_2' title="bbox 75 446 1238 4095">
    <p class='ocr_par' dir='ltr' id='par_1_2' title="bbox 75 446 1238 4095">
     <span class='ocr_line' id='line_1_2' title="bbox 142 446 1223 518; baseline -0.007 -10"><span class='ocrx_word' id='word_1_4' title='bbox 142 460 231 510; x_wconf 83' lang='grc' dir='ltr'><strong>ιιιιι.</strong></span> <span class='ocrx_word' id='word_1_5' title='bbox 224 471 231 487; x_wconf 85' lang='lat'><strong>·</strong></span> <span class='ocrx_word' id='word_1_6' title='bbox 250 471 299 508; x_wconf 90' lang='lat' dir='ltr'>non</span> <span class='ocrx_word' id='word_1_7' title='bbox 320 458 425 508; x_wconf 86' lang='lat' dir='ltr'>altcmm</span> <span class='ocrx_word' id='word_1_8' title='bbox 446 458 500 507; x_wconf 80' lang='lat' dir='ltr'>siric</span> <span class='ocrx_word' id='word_1_9' title='bbox 516 457 608 518; x_wconf 89' lang='lat' dir='ltr'>altero,</span> <span class='ocrx_word' id='word_1_10' title='bbox 626 456 670 504; x_wconf 86' lang='lat' dir='ltr'>sed</span> <span class='ocrx_word' id='word_1_11' title='bbox 693 457 769 505; x_wconf 79' lang='lat' dir='ltr'>minii</span> <span class='ocrx_word' id='word_1_12' title='bbox 789 456 819 505; x_wconf 83' lang='lat' dir='ltr'>nt</span> <span class='ocrx_word' id='word_1_13' title='bbox 839 448 928 503; x_wconf 74' lang='lat' dir='ltr'>intras</span> <span class='ocrx_word' id='word_1_14' title='bbox 950 446 1066 513; x_wconf 66' lang='lat' dir='ltr'>Quaeritis</span> <span class='ocrx_word' id='word_1_15' title='bbox 1087 448 1223 502; x_wconf 80' lang='lat' dir='ltr'>sacerdotio</span> 
     </span>
     <span class='ocr_line' id='line_1_3' title="bbox 143 521 1226 590; baseline -0.006 -16"><span class='ocrx_word' id='word_1_16' title='bbox 143 529 317 590; x_wconf 81' lang='lat' dir='ltr'>utrumquem</span> <span class='ocrx_word' id='word_1_17' title='bbox 332 540 381 575; x_wconf 89' lang='lat' dir='ltr'>uno</span> <span class='ocrx_word' id='word_1_18' title='bbox 394 540 449 575; x_wconf 87' lang='lat' dir='ltr'>cum</span> <span class='ocrx_word' id='word_1_19' title='bbox 466 527 536 575; x_wconf 88' lang='lat' dir='ltr'>bonis</span> <span class='ocrx_word' id='word_1_20' title='bbox 553 528 670 588; x_wconf 89' lang='lat' dir='ltr'>operibus</span> <span class='ocrx_word' id='word_1_21' title='bbox 695 523 852 584; x_wconf 85' lang='lat' dir='ltr'>iungi,sictu</span> <span class='ocrx_word' id='word_1_22' title='bbox 861 521 974 572; x_wconf 88' lang='lat' dir='ltr'>etomnis</span> <span class='ocrx_word' id='word_1_23' title='bbox 984 533 1109 582; x_wconf 83' lang='lat' dir='ltr'>synagoga</span> <span class='ocrx_word' id='word_1_24' title='bbox 1119 521 1226 569; x_wconf 87' lang='lat' dir='ltr'>tuacon·</span> 
     </span>
     <span class='ocr_line' id='line_1_4' title="bbox 75 591 1228 685; baseline -0.01 -36"><span class='ocrx_word' id='word_1_25' title='bbox 75 636 80 649; x_wconf 90' lang='lat'>.</span> <span class='ocrx_word' id='word_1_26' title='bbox 144 596 394 646; x_wconf 83' lang='lat' dir='ltr'>conveniatcttactis.</span> <span class='ocrx_word' id='word_1_27' title='bbox 407 595 476 642; x_wconf 88' lang='lat' dir='ltr'>Unde</span> <span class='ocrx_word' id='word_1_28' title='bbox 495 597 670 656; x_wconf 88' lang='lat' dir='ltr'>nosapostolus</span> <span class='ocrx_word' id='word_1_29' title='bbox 695 597 792 656; x_wconf 81' lang='lat' dir='ltr'>gregata</span> <span class='ocrx_word' id='word_1_30' title='bbox 803 596 834 642; x_wconf 91' lang='lat' dir='ltr'>ad</span> <span class='ocrx_word' id='word_1_31' title='bbox 848 592 944 642; x_wconf 75' lang='lat' dir='ltr'>Deum?</span> <span class='ocrx_word' id='word_1_32' title='bbox 958 592 988 638; x_wconf 82' lang='lat' dir='ltr'>nt</span> <span class='ocrx_word' id='word_1_33' title='bbox 1004 592 1086 639; x_wconf 79' lang='lat' dir='ltr'>Aaron</span> <span class='ocrx_word' id='word_1_34' title='bbox 1102 591 1228 685; x_wconf 75' lang='lat' dir='ltr'>quidest,</span> 
     </span>
     <span class='ocr_line' id='line_1_5' title="bbox 144 659 1027 743; baseline -0.005 -32"><span class='ocrx_word' id='word_1_35' title='bbox 144 665 233 714; x_wconf 77' lang='lat' dir='ltr'>Paulam</span> <span class='ocrx_word' id='word_1_36' title='bbox 248 677 331 712; x_wconf 90' lang='lat' dir='ltr'>eorum</span> <span class='ocrx_word' id='word_1_37' title='bbox 341 664 397 712; x_wconf 79' lang='lat' dir='ltr'>vult</span> <span class='ocrx_word' id='word_1_38' title='bbox 406 677 459 711; x_wconf 89' lang='lat' dir='ltr'>esse</span> <span class='ocrx_word' id='word_1_39' title='bbox 467 663 615 723; x_wconf 90' lang='lat' dir='ltr'>imitatores,</span> <span class='ocrx_word' id='word_1_40' title='bbox 628 664 669 743; x_wconf 80' lang='lat' dir='ltr'>qui</span> <span class='ocrx_word' id='word_1_41' title='bbox 695 665 753 724; x_wconf 87' lang='lat' dir='ltr'>quia</span> <span class='ocrx_word' id='word_1_42' title='bbox 763 663 921 710; x_wconf 77' lang='lat' dir='ltr'><strong>murmuratis</strong></span> <span class='ocrx_word' id='word_1_43' title='bbox 933 662 964 709; x_wconf 89' lang='lat' dir='ltr'>de</span> <span class='ocrx_word' id='word_1_44' title='bbox 980 659 1027 708; x_wconf 78' lang='lat' dir='ltr'>eoi</span> 
     </span>
     <span class='ocr_line' id='line_1_6' title="bbox 144 711 1224 812; baseline -0.006 -31"><span class='ocrx_word' id='word_1_45' title='bbox 144 746 189 794; x_wconf 90' lang='lat' dir='ltr'>per</span> <span class='ocrx_word' id='word_1_46' title='bbox 204 733 276 781; x_wconf 87' lang='lat' dir='ltr'>tidem</span> <span class='ocrx_word' id='word_1_47' title='bbox 282 733 391 792; x_wconf 89' lang='lat' dir='ltr'>,inquit,</span> <span class='ocrx_word' id='word_1_48' title='bbox 402 734 428 780; x_wconf 90' lang='lat' dir='ltr'>et</span> <span class='ocrx_word' id='word_1_49' title='bbox 438 732 584 793; x_wconf 85' lang='lat' dir='ltr'>patientiam</span> <span class='ocrx_word' id='word_1_50' title='bbox 595 731 671 812; x_wconf 84' lang='lat' dir='ltr'>possi·</span> <span class='ocrx_word' id='word_1_51' title='bbox 725 733 763 778; x_wconf 82' lang='lat' dir='ltr'>ss.</span> <span class='ocrx_word' id='word_1_52' title='bbox 775 729 1037 789; x_wconf 82' lang='lat' dir='ltr'>consideratisigitur,</span> <span class='ocrx_word' id='word_1_53' title='bbox 1047 740 1105 789; x_wconf 81' lang='lat' dir='ltr'>qnae</span> <span class='ocrx_word' id='word_1_54' title='bbox 1115 711 1224 775; x_wconf 81' lang='lat' dir='ltr'>eliensis·</span> 
     </span>
     <span class='ocr_line' id='line_1_7' title="bbox 145 797 1230 862; baseline -0.003 -15"><span class='ocrx_word' id='word_1_55' title='bbox 145 799 205 847; x_wconf 88' lang='lat' dir='ltr'>dent</span> <span class='ocrx_word' id='word_1_56' title='bbox 222 801 423 861; x_wconf 80' lang='lat' dir='ltr'>repromissiones</span> <span class='ocrx_word' id='word_1_57' title='bbox 440 801 556 860; x_wconf 76' lang='lat' dir='ltr'>Abrahae,</span> <span class='ocrx_word' id='word_1_58' title='bbox 567 801 610 862; x_wconf 85' lang='lat' dir='ltr'>qni</span> <span class='ocrx_word' id='word_1_59' title='bbox 626 814 672 860; x_wconf 85' lang='lat' dir='ltr'>per</span> <span class='ocrx_word' id='word_1_60' title='bbox 694 800 734 846; x_wconf 91' lang='lat' dir='ltr'>nis</span> <span class='ocrx_word' id='word_1_61' title='bbox 746 812 824 847; x_wconf 87' lang='lat' dir='ltr'>causae</span> <span class='ocrx_word' id='word_1_62' title='bbox 844 798 988 857; x_wconf 72' lang='lat' dir='ltr'>extiterint,</span> <span class='ocrx_word' id='word_1_63' title='bbox 1004 798 1074 858; x_wconf 87' lang='lat' dir='ltr'>quod</span> <span class='ocrx_word' id='word_1_64' title='bbox 1094 797 1230 845; x_wconf 87' lang='lat' dir='ltr'>sacerdotio</span> 
     </span>
     <span class='ocr_line' id='line_1_8' title="bbox 146 865 1228 929; baseline -0.003 -14"><span class='ocrx_word' id='word_1_65' title='bbox 146 868 289 927; x_wconf 84' lang='lat' dir='ltr'>patientiam</span> <span class='ocrx_word' id='word_1_66' title='bbox 301 868 481 929; x_wconf 87' lang='lat' dir='ltr'>promissaesihi</span> <span class='ocrx_word' id='word_1_67' title='bbox 492 869 672 917; x_wconf 84' lang='lat' dir='ltr'>benedictionis</span> <span class='ocrx_word' id='word_1_68' title='bbox 696 868 763 928; x_wconf 87' lang='lat' dir='ltr'>iungi</span> <span class='ocrx_word' id='word_1_69' title='bbox 773 867 868 927; x_wconf 86' lang='lat' dir='ltr'>indigni</span> <span class='ocrx_word' id='word_1_70' title='bbox 878 867 989 927; x_wconf 82' lang='lat' dir='ltr'>vellent,</span> <span class='ocrx_word' id='word_1_71' title='bbox 1001 867 1028 915; x_wconf 89' lang='lat' dir='ltr'>et</span> <span class='ocrx_word' id='word_1_72' title='bbox 1037 866 1170 926; x_wconf 88' lang='lat' dir='ltr'>propterea</span> <span class='ocrx_word' id='word_1_73' title='bbox 1179 865 1228 912; x_wconf 87' lang='lat' dir='ltr'>dis-</span> 
     </span>
     <span class='ocr_line' id='line_1_9' title="bbox 145 934 1226 999; baseline -0.004 -14"><span class='ocrx_word' id='word_1_74' title='bbox 145 939 239 985; x_wconf 87' lang='lat' dir='ltr'>meruit</span> <span class='ocrx_word' id='word_1_75' title='bbox 250 941 362 999; x_wconf 86' lang='lat' dir='ltr'>accipere</span> <span class='ocrx_word' id='word_1_76' title='bbox 379 939 404 986; x_wconf 87' lang='lat' dir='ltr'>et</span> <span class='ocrx_word' id='word_1_77' title='bbox 419 938 542 999; x_wconf 88' lang='lat' dir='ltr'>possidere</span> <span class='ocrx_word' id='word_1_78' title='bbox 558 938 670 998; x_wconf 87' lang='lat' dir='ltr'>gratiam.</span> <span class='ocrx_word' id='word_1_79' title='bbox 696 935 893 996; x_wconf 89' lang='lat' dir='ltr'>siderent,qnod</span> <span class='ocrx_word' id='word_1_80' title='bbox 904 935 1127 983; x_wconf 82' lang='lat' dir='ltr'>immurmurarent</span> <span class='ocrx_word' id='word_1_81' title='bbox 1137 934 1226 993; x_wconf 85' lang='lat' dir='ltr'>impro-</span> 
     </span>
     <span class='ocr_line' id='line_1_10' title="bbox 146 1003 1228 1066; baseline -0.002 -15"><span class='ocrx_word' id='word_1_82' title='bbox 146 1005 282 1056; x_wconf 88' lang='lat' dir='ltr'>lmitatores</span> <span class='ocrx_word' id='word_1_83' title='bbox 292 1019 335 1055; x_wconf 93' lang='lat' dir='ltr'>nos</span> <span class='ocrx_word' id='word_1_84' title='bbox 345 1007 422 1055; x_wconf 89' lang='lat' dir='ltr'>sancti</span> <span class='ocrx_word' id='word_1_85' title='bbox 433 1010 512 1055; x_wconf 76' lang='lat' dir='ltr'>Aaron</span> <span class='ocrx_word' id='word_1_86' title='bbox 522 1007 602 1054; x_wconf 83' lang='lat' dir='ltr'>David</span> <span class='ocrx_word' id='word_1_87' title='bbox 615 1018 672 1066; x_wconf 88' lang='lat' dir='ltr'>pro·</span> <span class='ocrx_word' id='word_1_88' title='bbox 696 1006 782 1053; x_wconf 88' lang='lat' dir='ltr'>hantes</span> <span class='ocrx_word' id='word_1_89' title='bbox 792 1006 818 1052; x_wconf 93' lang='lat' dir='ltr'>in</span> <span class='ocrx_word' id='word_1_90' title='bbox 830 1005 961 1053; x_wconf 87' lang='lat' dir='ltr'>sacerdotis</span> <span class='ocrx_word' id='word_1_91' title='bbox 972 1004 1012 1052; x_wconf 90' lang='lat' dir='ltr'>sui</span> <span class='ocrx_word' id='word_1_92' title='bbox 1024 1003 1151 1051; x_wconf 71' lang='lat' dir='ltr'>electione</span> <span class='ocrx_word' id='word_1_93' title='bbox 1162 1003 1228 1061; x_wconf 84' lang='lat' dir='ltr'>iudi·</span> 
     </span>
     <span class='ocr_line' id='line_1_11' title="bbox 146 1072 1225 1134; baseline -0.004 -12"><span class='ocrx_word' id='word_1_94' title='bbox 146 1075 222 1134; x_wconf 84' lang='lat' dir='ltr'>pheta</span> <span class='ocrx_word' id='word_1_95' title='bbox 232 1076 323 1124; x_wconf 87' lang='lat' dir='ltr'>dehere</span> <span class='ocrx_word' id='word_1_96' title='bbox 339 1089 392 1124; x_wconf 89' lang='lat' dir='ltr'>esse</span> <span class='ocrx_word' id='word_1_97' title='bbox 408 1077 538 1133; x_wconf 86' lang='lat' dir='ltr'>admonet,</span> <span class='ocrx_word' id='word_1_98' title='bbox 555 1075 672 1134; x_wconf 85' lang='lat' dir='ltr'>quicum</span> <span class='ocrx_word' id='word_1_99' title='bbox 697 1076 763 1122; x_wconf 89' lang='lat' dir='ltr'>cium</span> <span class='ocrx_word' id='word_1_100' title='bbox 774 1074 819 1121; x_wconf 91' lang='lat' dir='ltr'>Dei</span> <span class='ocrx_word' id='word_1_101' title='bbox 835 1086 843 1120; x_wconf 82' lang='grc' dir='ltr'>ι</span> <span class='ocrx_word' id='word_1_102' title='bbox 860 1075 990 1133; x_wconf 89' lang='lat' dir='ltr'>propterea</span> <span class='ocrx_word' id='word_1_103' title='bbox 1008 1072 1091 1120; x_wconf 89' lang='lat' dir='ltr'>totum</span> <span class='ocrx_word' id='word_1_104' title='bbox 1111 1073 1225 1133; x_wconf 89' lang='lat' dir='ltr'>populum</span> 
     </span>
     <span class='ocr_line' id='line_1_12' title="bbox 147 1141 1225 1203; baseline -0.003 -13"><span class='ocrx_word' id='word_1_105' title='bbox 147 1144 212 1193; x_wconf 87' lang='lat' dir='ltr'>luter</span> <span class='ocrx_word' id='word_1_106' title='bbox 240 1148 335 1194; x_wconf 90' lang='lat' dir='ltr'>sanctos</span> <span class='ocrx_word' id='word_1_107' title='bbox 353 1145 452 1192; x_wconf 86' lang='lat' dir='ltr'>Domini</span> <span class='ocrx_word' id='word_1_108' title='bbox 474 1145 506 1192; x_wconf 89' lang='lat' dir='ltr'>ad</span> <span class='ocrx_word' id='word_1_109' title='bbox 527 1145 672 1191; x_wconf 88' lang='lat' dir='ltr'>imitandum</span> <span class='ocrx_word' id='word_1_110' title='bbox 697 1145 778 1191; x_wconf 91' lang='lat' dir='ltr'>metus</span> <span class='ocrx_word' id='word_1_111' title='bbox 794 1143 880 1203; x_wconf 82' lang='lat' dir='ltr'>ingens</span> <span class='ocrx_word' id='word_1_112' title='bbox 895 1142 1034 1202; x_wconf 90' lang='lat' dir='ltr'>corripuit,</span> <span class='ocrx_word' id='word_1_113' title='bbox 1048 1152 1133 1201; x_wconf 81' lang='lat' dir='ltr'>poenae</span> <span class='ocrx_word' id='word_1_114' title='bbox 1151 1141 1225 1188; x_wconf 88' lang='lat' dir='ltr'>terror</span> 
     </span>
     <span class='ocr_line' id='line_1_13' title="bbox 141 1210 1226 1274; baseline -0.006 -11"><span class='ocrx_word' id='word_1_115' title='bbox 141 1215 218 1274; x_wconf 86' lang='lat' dir='ltr'>¹nohis</span> <span class='ocrx_word' id='word_1_116' title='bbox 238 1214 381 1273; x_wconf 89' lang='lat' dir='ltr'>constituit,</span> <span class='ocrx_word' id='word_1_117' title='bbox 406 1214 491 1260; x_wconf 89' lang='lat' dir='ltr'>dicens</span> <span class='ocrx_word' id='word_1_118' title='bbox 512 1227 520 1259; x_wconf 76' lang='grc' dir='ltr'>ι</span> <span class='ocrx_word' id='word_1_119' title='bbox 539 1216 629 1272; x_wconf 74' lang='lat' dir='ltr'>Moyses</span> <span class='ocrx_word' id='word_1_120' title='bbox 651 1215 672 1259; x_wconf 80' lang='lat' dir='ltr'>ct</span> <span class='ocrx_word' id='word_1_121' title='bbox 698 1210 1226 1259; x_wconf 78' lang='lat' dir='ltr'>involvitunirersos.onsecrantlbustsmen</span> 
     </span>
     <span class='ocr_line' id='line_1_14' title="bbox 147 1270 1238 1340; baseline -0.007 -8"><span class='ocrx_word' id='word_1_122' title='bbox 147 1287 230 1332; x_wconf 84' lang='lat' dir='ltr'>Aaron</span> <span class='ocrx_word' id='word_1_123' title='bbox 248 1286 272 1331; x_wconf 87' lang='lat' dir='ltr'>iu</span> <span class='ocrx_word' id='word_1_124' title='bbox 288 1282 443 1332; x_wconf 81' lang='lat' dir='ltr'>sacerdotibus</span> <span class='ocrx_word' id='word_1_125' title='bbox 462 1284 524 1340; x_wconf 81' lang='lat' dir='ltr'>ejus,</span> <span class='ocrx_word' id='word_1_126' title='bbox 542 1284 564 1330; x_wconf 84' lang='lat' dir='ltr'>et</span> <span class='ocrx_word' id='word_1_127' title='bbox 578 1281 673 1330; x_wconf 84' lang='lat' dir='ltr'>Samuel</span> <span class='ocrx_word' id='word_1_128' title='bbox 697 1280 823 1340; x_wconf 86' lang='lat' dir='ltr'>omnihus,</span> <span class='ocrx_word' id='word_1_129' title='bbox 837 1293 870 1327; x_wconf 88' lang='lat' dir='ltr'>ne</span> <span class='ocrx_word' id='word_1_130' title='bbox 881 1291 1016 1340; x_wconf 89' lang='lat' dir='ltr'>paucorum</span> <span class='ocrx_word' id='word_1_131' title='bbox 1032 1278 1168 1326; x_wconf 87' lang='lat' dir='ltr'>insolentia</span> <span class='ocrx_word' id='word_1_132' title='bbox 1178 1270 1238 1324; x_wconf 77' lang='lat' dir='ltr'>om·&#39;</span> 
     </span>
     <span class='ocr_line' id='line_1_15' title="bbox 147 1346 1225 1415; baseline -0.008 -14"><span class='ocrx_word' id='word_1_133' title='bbox 147 1355 208 1401; x_wconf 82' lang='lat' dir='ltr'>inter</span> <span class='ocrx_word' id='word_1_134' title='bbox 214 1355 344 1400; x_wconf 73' lang='lat' dir='ltr'>invocantes</span> <span class='ocrx_word' id='word_1_135' title='bbox 353 1364 437 1398; x_wconf 83' lang='lat' dir='ltr'>nomen</span> <span class='ocrx_word' id='word_1_136' title='bbox 447 1352 505 1410; x_wconf 73' lang='lat' dir='ltr'>cius.</span> <span class='ocrx_word' id='word_1_137' title='bbox 698 1361 742 1396; x_wconf 87' lang='lat' dir='ltr'>nes</span> <span class='ocrx_word' id='word_1_138' title='bbox 756 1349 867 1408; x_wconf 90' lang='lat' dir='ltr'>perirent</span> <span class='ocrx_word' id='word_1_139' title='bbox 877 1381 885 1406; x_wconf 90' lang='lat'>,</span> <span class='ocrx_word' id='word_1_140' title='bbox 894 1347 1054 1407; x_wconf 86' lang='lat' dir='ltr'>designantur</span> <span class='ocrx_word' id='word_1_141' title='bbox 1061 1348 1165 1415; x_wconf 80' lang='lat' dir='ltr'>sceleris</span> <span class='ocrx_word' id='word_1_142' title='bbox 1175 1346 1225 1406; x_wconf 88' lang='lat' dir='ltr'>rei,</span> 
     </span>
     <span class='ocr_line' id='line_1_16' title="bbox 178 1415 1225 1480; baseline -0.007 -12"><span class='ocrx_word' id='word_1_143' title='bbox 178 1423 217 1468; x_wconf 81' lang='lat' dir='ltr'>sl.</span> <span class='ocrx_word' id='word_1_144' title='bbox 230 1422 324 1480; x_wconf 78' lang='lat' dir='ltr'>Dignus</span> <span class='ocrx_word' id='word_1_145' title='bbox 339 1420 411 1478; x_wconf 89' lang='lat' dir='ltr'>plane</span> <span class='ocrx_word' id='word_1_146' title='bbox 427 1420 466 1468; x_wconf 85' lang='lat' dir='ltr'>vir</span> <span class='ocrx_word' id='word_1_147' title='bbox 480 1418 524 1478; x_wconf 86' lang='lat' dir='ltr'>qui</span> <span class='ocrx_word' id='word_1_148' title='bbox 533 1415 674 1478; x_wconf 84' lang='lat' dir='ltr'>sequendus</span> <span class='ocrx_word' id='word_1_149' title='bbox 699 1418 829 1466; x_wconf 84' lang='lat' dir='ltr'>etntotius</span> <span class='ocrx_word' id='word_1_150' title='bbox 840 1417 925 1477; x_wconf 92' lang='lat' dir='ltr'>populi</span> <span class='ocrx_word' id='word_1_151' title='bbox 934 1428 1035 1476; x_wconf 87' lang='lat' dir='ltr'>corpore</span> <span class='ocrx_word' id='word_1_152' title='bbox 1043 1415 1148 1471; x_wconf 88' lang='lat' dir='ltr'>ducenti</span> <span class='ocrx_word' id='word_1_153' title='bbox 1158 1416 1225 1475; x_wconf 88' lang='lat' dir='ltr'>quin·</span> 
     </span>
     <span class='ocr_line' id='line_1_17' title="bbox 148 1485 1226 1549; baseline -0.006 -13"><span class='ocrx_word' id='word_1_154' title='bbox 148 1492 296 1549; x_wconf 81' lang='lat' dir='ltr'>proponatur</span> <span class='ocrx_word' id='word_1_155' title='bbox 319 1487 446 1545; x_wconf 82' lang='lat' dir='ltr'>omnihus3</span> <span class='ocrx_word' id='word_1_156' title='bbox 463 1499 520 1533; x_wconf 89' lang='lat' dir='ltr'>nam</span> <span class='ocrx_word' id='word_1_157' title='bbox 542 1499 597 1533; x_wconf 92' lang='lat' dir='ltr'>curn</span> <span class='ocrx_word' id='word_1_158' title='bbox 619 1485 671 1531; x_wconf 90' lang='lat' dir='ltr'>dira</span> <span class='ocrx_word' id='word_1_159' title='bbox 699 1487 880 1546; x_wconf 83' lang='lat' dir='ltr'>quagintacum</span> <span class='ocrx_word' id='word_1_160' title='bbox 891 1485 1032 1533; x_wconf 88' lang='lat' dir='ltr'>auctoribus</span> <span class='ocrx_word' id='word_1_161' title='bbox 1047 1485 1103 1532; x_wconf 91' lang='lat' dir='ltr'>suis</span> <span class='ocrx_word' id='word_1_162' title='bbox 1118 1496 1226 1544; x_wconf 85' lang='lat' dir='ltr'>separan-</span> 
     </span>
     <span class='ocr_line' id='line_1_18' title="bbox 148 1554 1224 1615; baseline -0.003 -12"><span class='ocrx_word' id='word_1_163' title='bbox 148 1569 214 1603; x_wconf 89' lang='lat' dir='ltr'>mors</span> <span class='ocrx_word' id='word_1_164' title='bbox 232 1555 332 1615; x_wconf 90' lang='lat' dir='ltr'>propter</span> <span class='ocrx_word' id='word_1_165' title='bbox 349 1556 505 1601; x_wconf 89' lang='lat' dir='ltr'>contumaces</span> <span class='ocrx_word' id='word_1_166' title='bbox 526 1554 553 1600; x_wconf 93' lang='lat' dir='ltr'>in</span> <span class='ocrx_word' id='word_1_167' title='bbox 575 1554 674 1611; x_wconf 87' lang='lat' dir='ltr'>plebem</span> <span class='ocrx_word' id='word_1_168' title='bbox 699 1556 740 1601; x_wconf 92' lang='lat' dir='ltr'>tur</span> <span class='ocrx_word' id='word_1_169' title='bbox 760 1556 825 1615; x_wconf 87' lang='lat' dir='ltr'>riri,</span> <span class='ocrx_word' id='word_1_170' title='bbox 846 1555 991 1615; x_wconf 74' lang='lat' dir='ltr'>immugiens</span> <span class='ocrx_word' id='word_1_171' title='bbox 1012 1555 1082 1602; x_wconf 91' lang='lat' dir='ltr'>terra</span> <span class='ocrx_word' id='word_1_172' title='bbox 1102 1555 1129 1601; x_wconf 93' lang='lat' dir='ltr'>in</span> <span class='ocrx_word' id='word_1_173' title='bbox 1149 1554 1224 1601; x_wconf 88' lang='lat' dir='ltr'>medio</span> 
     </span>
     <span class='ocr_line' id='line_1_19' title="bbox 148 1622 1225 1684; baseline -0.001 -13"><span class='ocrx_word' id='word_1_174' title='bbox 148 1625 267 1684; x_wconf 79' lang='lat' dir='ltr'>serperet,</span> <span class='ocrx_word' id='word_1_175' title='bbox 273 1623 380 1669; x_wconf 89' lang='lat' dir='ltr'>medium</span> <span class='ocrx_word' id='word_1_176' title='bbox 389 1634 415 1669; x_wconf 89' lang='lat' dir='ltr'>se</span> <span class='ocrx_word' id='word_1_177' title='bbox 427 1622 612 1670; x_wconf 68' lang='lat' dir='ltr'>interimentes</span> <span class='ocrx_word' id='word_1_178' title='bbox 622 1633 675 1668; x_wconf 89' lang='lat' dir='ltr'>mo·</span> <span class='ocrx_word' id='word_1_179' title='bbox 699 1623 779 1683; x_wconf 85' lang='lat' dir='ltr'>plebis</span> <span class='ocrx_word' id='word_1_180' title='bbox 789 1622 1225 1682; x_wconf 84' lang='lat' dir='ltr'>scinditur,aperrtur1nproiundu1n</span> 
     </span>
     <span class='ocr_line' id='line_1_20' title="bbox 148 1690 1226 1752; baseline -0.006 -10"><span class='ocrx_word' id='word_1_181' title='bbox 148 1695 288 1752; x_wconf 81' lang='lat' dir='ltr'>nentesque</span> <span class='ocrx_word' id='word_1_182' title='bbox 300 1692 404 1751; x_wconf 68' lang='lat' dir='ltr'>obiecit</span> <span class='ocrx_word' id='word_1_183' title='bbox 419 1692 447 1738; x_wconf 91' lang='lat' dir='ltr'>ut</span> <span class='ocrx_word' id='word_1_184' title='bbox 461 1690 567 1739; x_wconf 88' lang='lat' dir='ltr'>mortem</span> <span class='ocrx_word' id='word_1_185' title='bbox 582 1691 675 1738; x_wconf 89' lang='lat' dir='ltr'>stane</span> <span class='ocrx_word' id='word_1_186' title='bbox 700 1691 767 1740; x_wconf 87' lang='lat' dir='ltr'>sinus</span> <span class='ocrx_word' id='word_1_187' title='bbox 774 1692 948 1752; x_wconf 85' lang='lat' dir='ltr'>ahrrpruntur</span> <span class='ocrx_word' id='word_1_188' title='bbox 959 1704 1044 1750; x_wconf 88' lang='lat' dir='ltr'>nexu</span> <span class='ocrx_word' id='word_1_189' title='bbox 1056 1692 1084 1738; x_wconf 89' lang='lat' dir='ltr'>et</span> <span class='ocrx_word' id='word_1_190' title='bbox 1093 1691 1226 1739; x_wconf 86' lang='lat' dir='ltr'>rtaahom·</span> 
     </span>
     <span class='ocr_line' id='line_1_21' title="bbox 148 1756 1226 1822; baseline -0.006 -12"><span class='ocrx_word' id='word_1_191' title='bbox 148 1765 196 1822; x_wconf 85' lang='lat' dir='ltr'>ret,</span> <span class='ocrx_word' id='word_1_192' title='bbox 203 1774 235 1810; x_wconf 88' lang='lat' dir='ltr'>ne</span> <span class='ocrx_word' id='word_1_193' title='bbox 246 1756 329 1822; x_wconf 81' lang='lat' dir='ltr'>plures</span> <span class='ocrx_word' id='word_1_194' title='bbox 341 1757 458 1821; x_wconf 90' lang='lat' dir='ltr'>perirent.</span> <span class='ocrx_word' id='word_1_195' title='bbox 462 1763 526 1808; x_wconf 86' lang='lat' dir='ltr'>Vere</span> <span class='ocrx_word' id='word_1_196' title='bbox 537 1760 576 1808; x_wconf 86' lang='lat' dir='ltr'>v&#39;ir</span> <span class='ocrx_word' id='word_1_197' title='bbox 584 1758 675 1808; x_wconf 83' lang='lat' dir='ltr'>urentis</span> <span class='ocrx_word' id='word_1_198' title='bbox 699 1757 773 1806; x_wconf 86' lang='lat' dir='ltr'>nihus</span> <span class='ocrx_word' id='word_1_199' title='bbox 781 1759 866 1806; x_wconf 89' lang='lat' dir='ltr'>mundi</span> <span class='ocrx_word' id='word_1_200' title='bbox 877 1759 951 1816; x_wconf 77' lang='lat' dir='ltr'>huius</span> <span class='ocrx_word' id='word_1_201' title='bbox 961 1758 1110 1817; x_wconf 82' lang='lat' dir='ltr'>ablegantur</span> <span class='ocrx_word' id='word_1_202' title='bbox 1122 1757 1226 1804; x_wconf 86' lang='lat' dir='ltr'>elemen-</span> 
     </span>
     <span class='ocr_line' id='line_1_22' title="bbox 150 1829 1225 1890; baseline -0.006 -10"><span class='ocrx_word' id='word_1_203' title='bbox 150 1831 259 1880; x_wconf 86' lang='lat' dir='ltr'>otammr</span> <span class='ocrx_word' id='word_1_204' title='bbox 267 1829 431 1889; x_wconf 84' lang='lat' dir='ltr'>sacerdotalis,</span> <span class='ocrx_word' id='word_1_205' title='bbox 440 1843 482 1890; x_wconf 86' lang='lat' dir='ltr'>qur</span> <span class='ocrx_word' id='word_1_206' title='bbox 491 1841 567 1890; x_wconf 90' lang='lat' dir='ltr'>sepro</span> <span class='ocrx_word' id='word_1_207' title='bbox 576 1829 675 1875; x_wconf 82' lang='lat' dir='ltr'>Domini</span> <span class='ocrx_word' id='word_1_208' title='bbox 699 1829 745 1889; x_wconf 72' lang='lat' dir='ltr'>tis,</span> <span class='ocrx_word' id='word_1_209' title='bbox 758 1829 842 1878; x_wconf 92' lang='lat' dir='ltr'>utnec</span> <span class='ocrx_word' id='word_1_210' title='bbox 857 1841 939 1878; x_wconf 86' lang='lat' dir='ltr'>aerem</span> <span class='ocrx_word' id='word_1_211' title='bbox 955 1829 1063 1887; x_wconf 87' lang='lat' dir='ltr'>haustu,</span> <span class='ocrx_word' id='word_1_212' title='bbox 1076 1840 1125 1875; x_wconf 90' lang='lat' dir='ltr'>nec</span> <span class='ocrx_word' id='word_1_213' title='bbox 1143 1829 1225 1875; x_wconf 86' lang='lat' dir='ltr'>coelum</span> 
     </span>
     <span class='ocr_line' id='line_1_23' title="bbox 150 1897 1226 1963; baseline -0.003 -16"><span class='ocrx_word' id='word_1_214' title='bbox 150 1913 223 1963; x_wconf 87' lang='lat' dir='ltr'>grege</span> <span class='ocrx_word' id='word_1_215' title='bbox 233 1900 302 1960; x_wconf 82' lang='lat' dir='ltr'>quasi</span> <span class='ocrx_word' id='word_1_216' title='bbox 317 1900 398 1960; x_wconf 89' lang='lat' dir='ltr'>pastor</span> <span class='ocrx_word' id='word_1_217' title='bbox 408 1899 486 1946; x_wconf 88' lang='lat' dir='ltr'>honus</span> <span class='ocrx_word' id='word_1_218' title='bbox 497 1899 539 1958; x_wconf 90' lang='lat' dir='ltr'>pio</span> <span class='ocrx_word' id='word_1_219' title='bbox 557 1898 676 1955; x_wconf 80' lang='lat' dir='ltr'>obiiceret</span> <span class='ocrx_word' id='word_1_220' title='bbox 700 1899 770 1956; x_wconf 85' lang='lat' dir='ltr'>visu,</span> <span class='ocrx_word' id='word_1_221' title='bbox 787 1911 833 1946; x_wconf 93' lang='lat' dir='ltr'>nec</span> <span class='ocrx_word' id='word_1_222' title='bbox 843 1911 913 1945; x_wconf 88' lang='lat' dir='ltr'>marc</span> <span class='ocrx_word' id='word_1_223' title='bbox 921 1898 1003 1958; x_wconf 82' lang='lat' dir='ltr'>tactu,</span> <span class='ocrx_word' id='word_1_224' title='bbox 1014 1909 1062 1945; x_wconf 84' lang='lat' dir='ltr'>nec</span> <span class='ocrx_word' id='word_1_225' title='bbox 1075 1897 1168 1946; x_wconf 85' lang='lat' dir='ltr'>terram</span> <span class='ocrx_word' id='word_1_226' title='bbox 1176 1907 1226 1944; x_wconf 83' lang='lat' dir='ltr'>con·</span> 
     </span>
     <span class='ocr_line' id='line_1_24' title="bbox 150 1967 983 2029; baseline -0.002 -11"><span class='ocrx_word' id='word_1_227' title='bbox 150 1971 247 2018; x_wconf 80' lang='lat' dir='ltr'>aflectu.</span> <span class='ocrx_word' id='word_1_228' title='bbox 256 1969 340 2029; x_wconf 88' lang='lat' dir='ltr'>ltaque</span> <span class='ocrx_word' id='word_1_229' title='bbox 351 1967 452 2027; x_wconf 77' lang='lat' dir='ltr'>infregit</span> <span class='ocrx_word' id='word_1_230' title='bbox 461 1968 573 2015; x_wconf 90' lang='lat' dir='ltr'>aculeum</span> <span class='ocrx_word' id='word_1_231' title='bbox 581 1968 675 2026; x_wconf 88' lang='lat' dir='ltr'>mortis,</span> <span class='ocrx_word' id='word_1_232' title='bbox 700 1967 849 2015; x_wconf 89' lang='lat' dir='ltr'>taminarent</span> <span class='ocrx_word' id='word_1_233' title='bbox 860 1968 983 2027; x_wconf 79' lang='lat' dir='ltr'>sepulcro.</span> 
     </span>
     <span class='ocr_line' id='line_1_25' title="bbox 151 2034 1226 2097; baseline -0.003 -12"><span class='ocrx_word' id='word_1_234' title='bbox 151 2037 271 2097; x_wconf 89' lang='lat' dir='ltr'>impeturn</span> <span class='ocrx_word' id='word_1_235' title='bbox 293 2037 393 2095; x_wconf 87' lang='lat' dir='ltr'>tenuit,</span> <span class='ocrx_word' id='word_1_236' title='bbox 413 2035 543 2083; x_wconf 88' lang='lat' dir='ltr'>transitum</span> <span class='ocrx_word' id='word_1_237' title='bbox 567 2035 674 2092; x_wconf 83' lang='lat' dir='ltr'>negavit.</span> <span class='ocrx_word' id='word_1_238' title='bbox 731 2035 770 2082; x_wconf 77' lang='lat'>56.</span> <span class='ocrx_word' id='word_1_239' title='bbox 781 2036 888 2083; x_wconf 73' lang='lat' dir='ltr'>Cessent</span> <span class='ocrx_word' id='word_1_240' title='bbox 898 2048 986 2096; x_wconf 84' lang='lat' dir='ltr'>poena,</span> <span class='ocrx_word' id='word_1_241' title='bbox 1000 2048 1049 2083; x_wconf 91' lang='lat' dir='ltr'>non</span> <span class='ocrx_word' id='word_1_242' title='bbox 1062 2034 1226 2085; x_wconf 83' lang='lat' dir='ltr'>cessavltma·</span> 
     </span>
     <span class='ocr_line' id='line_1_26' title="bbox 150 2102 1226 2164; baseline -0.001 -13"><span class='ocrx_word' id='word_1_243' title='bbox 150 2105 232 2154; x_wconf 86' lang='lat' dir='ltr'>Pietas</span> <span class='ocrx_word' id='word_1_244' title='bbox 243 2106 357 2153; x_wconf 81' lang='lat' dir='ltr'>nieritum</span> <span class='ocrx_word' id='word_1_245' title='bbox 369 2102 476 2163; x_wconf 80' lang='lat' dir='ltr'>adjuvit3</span> <span class='ocrx_word' id='word_1_246' title='bbox 494 2103 552 2164; x_wconf 85' lang='lat' dir='ltr'>quia</span> <span class='ocrx_word' id='word_1_247' title='bbox 561 2115 606 2163; x_wconf 92' lang='lat' dir='ltr'>pro</span> <span class='ocrx_word' id='word_1_248' title='bbox 616 2103 677 2163; x_wconf 89' lang='lat' dir='ltr'>ipsis</span> <span class='ocrx_word' id='word_1_249' title='bbox 701 2104 754 2150; x_wconf 89' lang='lat' dir='ltr'>litia</span> <span class='ocrx_word' id='word_1_250' title='bbox 764 2117 770 2150; x_wconf 83' lang='grc' dir='ltr'>ι</span> <span class='ocrx_word' id='word_1_251' title='bbox 781 2117 814 2151; x_wconf 87' lang='lat' dir='ltr'>ex</span> <span class='ocrx_word' id='word_1_252' title='bbox 824 2105 870 2152; x_wconf 90' lang='lat' dir='ltr'>hoc</span> <span class='ocrx_word' id='word_1_253' title='bbox 878 2105 931 2164; x_wconf 89' lang='lat' dir='ltr'>ipso</span> <span class='ocrx_word' id='word_1_254' title='bbox 939 2104 1226 2153; x_wconf 81' lang='lat' dir='ltr'>immurmuratioexorta</span> 
     </span>
     <span class='ocr_line' id='line_1_27' title="bbox 151 2172 1227 2236; baseline -0.004 -13"><span class='ocrx_word' id='word_1_255' title='bbox 151 2188 178 2224; x_wconf 87' lang='lat' dir='ltr'>se</span> <span class='ocrx_word' id='word_1_256' title='bbox 188 2174 291 2236; x_wconf 90' lang='lat' dir='ltr'>obtulit,</span> <span class='ocrx_word' id='word_1_257' title='bbox 300 2175 343 2235; x_wconf 90' lang='lat' dir='ltr'>qui</span> <span class='ocrx_word' id='word_1_258' title='bbox 353 2173 508 2222; x_wconf 83' lang='lat' dir='ltr'>resistebant.</span> <span class='ocrx_word' id='word_1_259' title='bbox 567 2200 569 2204; x_wconf 30' lang='grc' dir='ltr'><strong>ι</strong></span> <span class='ocrx_word' id='word_1_260' title='bbox 702 2173 803 2233; x_wconf 91' lang='lat' dir='ltr'>populi,</span> <span class='ocrx_word' id='word_1_261' title='bbox 819 2173 884 2234; x_wconf 87' lang='lat' dir='ltr'>quod</span> <span class='ocrx_word' id='word_1_262' title='bbox 898 2186 943 2233; x_wconf 93' lang='lat' dir='ltr'>per</span> <span class='ocrx_word' id='word_1_263' title='bbox 964 2174 1107 2221; x_wconf 86' lang='lat' dir='ltr'>sacerdotes</span> <span class='ocrx_word' id='word_1_264' title='bbox 1127 2172 1227 2234; x_wconf 86' lang='lat' dir='ltr'>perisset</span> 
     </span>
     <span class='ocr_line' id='line_1_28' title="bbox 182 2240 1227 2303; baseline -0.002 -13"><span class='ocrx_word' id='word_1_265' title='bbox 182 2244 220 2290; x_wconf 72' lang='lat'>52.</span> <span class='ocrx_word' id='word_1_266' title='bbox 229 2243 329 2291; x_wconf 88' lang='lat' dir='ltr'>Discaut</span> <span class='ocrx_word' id='word_1_267' title='bbox 345 2243 420 2301; x_wconf 88' lang='lat' dir='ltr'>igitur</span> <span class='ocrx_word' id='word_1_268' title='bbox 431 2241 578 2289; x_wconf 89' lang='lat' dir='ltr'>dissidentes</span> <span class='ocrx_word' id='word_1_269' title='bbox 587 2240 676 2288; x_wconf 91' lang='lat' dir='ltr'>timere</span> <span class='ocrx_word' id='word_1_270' title='bbox 701 2244 815 2303; x_wconf 90' lang='lat' dir='ltr'>populus.</span> <span class='ocrx_word' id='word_1_271' title='bbox 837 2245 890 2302; x_wconf 82' lang='lat' dir='ltr'>Qua</span> <span class='ocrx_word' id='word_1_272' title='bbox 915 2243 1087 2303; x_wconf 81' lang='lat' dir='ltr'>indignatione</span> <span class='ocrx_word' id='word_1_273' title='bbox 1115 2243 1227 2290; x_wconf 85' lang='lat' dir='ltr'>Dominus</span> 
     </span>
     <span class='ocr_line' id='line_1_29' title="bbox 150 2310 1227 2373; baseline -0.001 -14"><span class='ocrx_word' id='word_1_274' title='bbox 150 2313 248 2360; x_wconf 92' lang='lat' dir='ltr'>Domini</span> <span class='ocrx_word' id='word_1_275' title='bbox 265 2312 464 2370; x_wconf 86' lang='lat' dir='ltr'>commotionem,</span> <span class='ocrx_word' id='word_1_276' title='bbox 476 2311 613 2359; x_wconf 86' lang='lat' dir='ltr'>sacerdotes</span> <span class='ocrx_word' id='word_1_277' title='bbox 627 2310 677 2368; x_wconf 92' lang='lat' dir='ltr'>pla·</span> <span class='ocrx_word' id='word_1_278' title='bbox 702 2313 847 2372; x_wconf 88' lang='lat' dir='ltr'>perdidisset</span> <span class='ocrx_word' id='word_1_279' title='bbox 858 2326 954 2372; x_wconf 91' lang='lat' dir='ltr'>omnes,</span> <span class='ocrx_word' id='word_1_280' title='bbox 966 2314 1014 2360; x_wconf 87' lang='lat' dir='ltr'>nisi</span> <span class='ocrx_word' id='word_1_281' title='bbox 1027 2310 1105 2373; x_wconf 85' lang='lat' dir='ltr'>Moysi</span> <span class='ocrx_word' id='word_1_282' title='bbox 1117 2315 1143 2361; x_wconf 90' lang='lat' dir='ltr'>et</span> <span class='ocrx_word' id='word_1_283' title='bbox 1152 2315 1227 2361; x_wconf 75' lang='lat' dir='ltr'>Aaron</span> 
     </span>
     <span class='ocr_line' id='line_1_30' title="bbox 152 2378 1226 2442; baseline -0.003 -13"><span class='ocrx_word' id='word_1_284' title='bbox 152 2393 217 2429; x_wconf 88' lang='lat' dir='ltr'>care.</span> <span class='ocrx_word' id='word_1_285' title='bbox 228 2380 306 2439; x_wconf 76' lang='lat' dir='ltr'>Quid?</span> <span class='ocrx_word' id='word_1_286' title='bbox 322 2381 418 2426; x_wconf 87' lang='lat' dir='ltr'>Dathan</span> <span class='ocrx_word' id='word_1_287' title='bbox 436 2378 563 2426; x_wconf 78' lang='lat' dir='ltr'>etnhiron</span> <span class='ocrx_word' id='word_1_288' title='bbox 579 2378 604 2424; x_wconf 88' lang='lat' dir='ltr'>et</span> <span class='ocrx_word' id='word_1_289' title='bbox 617 2378 676 2424; x_wconf 82' lang='lat' dir='ltr'>Cere</span> <span class='ocrx_word' id='word_1_290' title='bbox 702 2381 781 2442; x_wconf 84' lang='lat' dir='ltr'>primo</span> <span class='ocrx_word' id='word_1_291' title='bbox 798 2383 913 2440; x_wconf 87' lang='lat' dir='ltr'>precibus</span> <span class='ocrx_word' id='word_1_292' title='bbox 934 2381 1054 2440; x_wconf 79' lang='lat' dir='ltr'>intlexus,</span> <span class='ocrx_word' id='word_1_293' title='bbox 1077 2382 1133 2442; x_wconf 88' lang='lat' dir='ltr'>post</span> <span class='ocrx_word' id='word_1_294' title='bbox 1156 2382 1226 2429; x_wconf 87' lang='lat' dir='ltr'>etiam</span> 
     </span>
     <span class='ocr_line' id='line_1_31' title="bbox 152 2447 1227 2508; baseline -0.002 -12"><span class='ocrx_word' id='word_1_295' title='bbox 152 2461 233 2496; x_wconf 86' lang='lat' dir='ltr'>norme</span> <span class='ocrx_word' id='word_1_296' title='bbox 243 2449 343 2508; x_wconf 90' lang='lat' dir='ltr'>propter</span> <span class='ocrx_word' id='word_1_297' title='bbox 351 2447 527 2494; x_wconf 88' lang='lat' dir='ltr'>dissensionem</span> <span class='ocrx_word' id='word_1_298' title='bbox 537 2447 619 2494; x_wconf 88' lang='lat' dir='ltr'>hiatus</span> <span class='ocrx_word' id='word_1_299' title='bbox 628 2447 676 2493; x_wconf 77' lang='lat' dir='ltr'>ter·</span> <span class='ocrx_word' id='word_1_300' title='bbox 702 2451 801 2507; x_wconf 81' lang='lat' dir='ltr'>objectu</span> <span class='ocrx_word' id='word_1_301' title='bbox 811 2449 943 2497; x_wconf 86' lang='lat' dir='ltr'>sacerdotis</span> <span class='ocrx_word' id='word_1_302' title='bbox 962 2449 1000 2496; x_wconf 89' lang='lat' dir='ltr'>sui</span> <span class='ocrx_word' id='word_1_303' title='bbox 1012 2450 1095 2497; x_wconf 70' lang='lat' dir='ltr'>Aaron</span> <span class='ocrx_word' id='word_1_304' title='bbox 1105 2449 1227 2496; x_wconf 87' lang='lat' dir='ltr'>maluisset</span> 
     </span>
     <span class='ocr_line' id='line_1_32' title="bbox 152 2514 1226 2578; baseline 0.002 -16"><span class='ocrx_word' id='word_1_305' title='bbox 152 2528 186 2562; x_wconf 86' lang='lat' dir='ltr'>rae</span> <span class='ocrx_word' id='word_1_306' title='bbox 205 2514 346 2562; x_wconf 77' lang='lat' dir='ltr'>absorbuit?</span> <span class='ocrx_word' id='word_1_307' title='bbox 366 2516 426 2560; x_wconf 86' lang='lat' dir='ltr'>Nam</span> <span class='ocrx_word' id='word_1_308' title='bbox 447 2526 503 2560; x_wconf 87' lang='lat' dir='ltr'>cum</span> <span class='ocrx_word' id='word_1_309' title='bbox 522 2515 678 2572; x_wconf 80' lang='lat' dir='ltr'>instigassent</span> <span class='ocrx_word' id='word_1_310' title='bbox 702 2519 809 2578; x_wconf 88' lang='lat' dir='ltr'>ingratos</span> <span class='ocrx_word' id='word_1_311' title='bbox 824 2520 916 2577; x_wconf 77' lang='lat' dir='ltr'>maiore</span> <span class='ocrx_word' id='word_1_312' title='bbox 931 2518 1012 2567; x_wconf 87' lang='lat' dir='ltr'>veniae</span> <span class='ocrx_word' id='word_1_313' title='bbox 1027 2519 1123 2578; x_wconf 89' lang='lat' dir='ltr'>pudore</span> <span class='ocrx_word' id='word_1_314' title='bbox 1141 2519 1226 2566; x_wconf 73' lang='lat' dir='ltr'>donne</span> 
     </span>
     <span class='ocr_line' id='line_1_33' title="bbox 152 2582 1139 2648; baseline 0.004 -18"><span class='ocrx_word' id='word_1_315' title='bbox 152 2584 211 2630; x_wconf 84' lang='lat' dir='ltr'>Corc</span> <span class='ocrx_word' id='word_1_316' title='bbox 232 2584 257 2630; x_wconf 89' lang='lat' dir='ltr'>et</span> <span class='ocrx_word' id='word_1_317' title='bbox 277 2583 374 2629; x_wconf 84' lang='lat' dir='ltr'>Dathan</span> <span class='ocrx_word' id='word_1_318' title='bbox 397 2582 423 2629; x_wconf 86' lang='lat' dir='ltr'>et</span> <span class='ocrx_word' id='word_1_319' title='bbox 442 2582 533 2630; x_wconf 77' lang='lat' dir='ltr'>Ahiron</span> <span class='ocrx_word' id='word_1_320' title='bbox 558 2583 678 2632; x_wconf 92' lang='lat' dir='ltr'>ducentos</span> <span class='ocrx_word' id='word_1_321' title='bbox 702 2588 747 2646; x_wconf 86' lang='lat' dir='ltr'>iis,</span> <span class='ocrx_word' id='word_1_322' title='bbox 759 2600 862 2648; x_wconf 89' lang='lat' dir='ltr'>quorum</span> <span class='ocrx_word' id='word_1_323' title='bbox 872 2588 1014 2636; x_wconf 86' lang='lat' dir='ltr'>abnuebant</span> <span class='ocrx_word' id='word_1_324' title='bbox 1025 2588 1139 2648; x_wconf 80' lang='lat' dir='ltr'>gratiani.</span> 
     </span>
     <span class='ocr_line' id='line_1_34' title="bbox 152 2651 1226 2718; baseline 0.007 -20"><span class='ocrx_word' id='word_1_325' title='bbox 152 2651 327 2713; x_wconf 81' lang='lat' dir='ltr'>quinquaginta</span> <span class='ocrx_word' id='word_1_326' title='bbox 338 2652 404 2700; x_wconf 87' lang='lat' dir='ltr'>viros</span> <span class='ocrx_word' id='word_1_327' title='bbox 414 2652 531 2701; x_wconf 83' lang='lat' dir='ltr'>adversus</span> <span class='ocrx_word' id='word_1_328' title='bbox 541 2655 640 2714; x_wconf 86' lang='lat' dir='ltr'>Moysen</span> <span class='ocrx_word' id='word_1_329' title='bbox 652 2656 677 2702; x_wconf 87' lang='lat' dir='ltr'>et</span> <span class='ocrx_word' id='word_1_330' title='bbox 732 2658 772 2704; x_wconf 75' lang='grc' dir='ltr'><strong>ιιι.</strong></span> <span class='ocrx_word' id='word_1_331' title='bbox 785 2659 837 2716; x_wconf 88' lang='lat' dir='ltr'>ipsa</span> <span class='ocrx_word' id='word_1_332' title='bbox 847 2657 1002 2716; x_wconf 85' lang='lat' dir='ltr'>prophetissa</span> <span class='ocrx_word' id='word_1_333' title='bbox 1012 2658 1104 2716; x_wconf 89' lang='lat' dir='ltr'>Maria,</span> <span class='ocrx_word' id='word_1_334' title='bbox 1115 2667 1226 2718; x_wconf 77' lang='lat' dir='ltr'>quaecum</span> 
     </span>
     <span class='ocr_line' id='line_1_35' title="bbox 152 2720 1227 2787; baseline 0.002 -18"><span class='ocrx_word' id='word_1_335' title='bbox 152 2723 230 2770; x_wconf 77' lang='lat' dir='ltr'>Aaron</span> <span class='ocrx_word' id='word_1_336' title='bbox 240 2755 247 2781; x_wconf 93' lang='lat'>,</span> <span class='ocrx_word' id='word_1_337' title='bbox 258 2722 286 2769; x_wconf 90' lang='lat' dir='ltr'>ut</span> <span class='ocrx_word' id='word_1_338' title='bbox 302 2720 442 2781; x_wconf 86' lang='lat' dir='ltr'>separarent</span> <span class='ocrx_word' id='word_1_339' title='bbox 454 2733 480 2768; x_wconf 88' lang='lat' dir='ltr'>se</span> <span class='ocrx_word' id='word_1_340' title='bbox 492 2721 577 2781; x_wconf 88' lang='lat' dir='ltr'>abiis,</span> <span class='ocrx_word' id='word_1_341' title='bbox 597 2723 678 2770; x_wconf 90' lang='lat' dir='ltr'>insur·</span> <span class='ocrx_word' id='word_1_342' title='bbox 703 2726 818 2774; x_wconf 86' lang='lat' dir='ltr'>iratribus</span> <span class='ocrx_word' id='word_1_343' title='bbox 827 2727 891 2787; x_wconf 90' lang='lat' dir='ltr'>pede</span> <span class='ocrx_word' id='word_1_344' title='bbox 907 2727 1103 2775; x_wconf 79' lang='lat' dir='ltr'>transmeaverat</span> <span class='ocrx_word' id='word_1_345' title='bbox 1113 2727 1174 2774; x_wconf 85' lang='lat' dir='ltr'>freta</span> <span class='ocrx_word' id='word_1_346' title='bbox 1182 2737 1227 2772; x_wconf 92' lang='lat' dir='ltr'>ma-</span> 
     </span>
     <span class='ocr_line' id='line_1_36' title="bbox 152 2790 1227 2855; baseline 0.001 -16"><span class='ocrx_word' id='word_1_347' title='bbox 152 2793 270 2840; x_wconf 82' lang='lat' dir='ltr'>rorer&#39;unt</span> <span class='ocrx_word' id='word_1_348' title='bbox 289 2791 326 2837; x_wconf 92' lang='lat' dir='ltr'>illi</span> <span class='ocrx_word' id='word_1_349' title='bbox 341 2790 451 2838; x_wconf 88' lang='lat' dir='ltr'>dicentes</span> <span class='ocrx_word' id='word_1_350' title='bbox 469 2793 553 2839; x_wconf 82' lang='lat' dir='ltr'>:Satis</span> <span class='ocrx_word' id='word_1_351' title='bbox 567 2794 597 2839; x_wconf 84' lang='lat' dir='ltr'>sit</span> <span class='ocrx_word' id='word_1_352' title='bbox 613 2793 677 2840; x_wconf 82' lang='lat' dir='ltr'>vohis</span> <span class='ocrx_word' id='word_1_353' title='bbox 702 2795 748 2854; x_wconf 93' lang='lat' dir='ltr'>ris,</span> <span class='ocrx_word' id='word_1_354' title='bbox 761 2796 819 2855; x_wconf 87' lang='lat' dir='ltr'>qnia</span> <span class='ocrx_word' id='word_1_355' title='bbox 829 2796 982 2854; x_wconf 77' lang='lat' dir='ltr'>ntnropissae</span> <span class='ocrx_word' id='word_1_356' title='bbox 991 2795 1140 2855; x_wconf 85' lang='lat' dir='ltr'>mysterium</span> <span class='ocrx_word' id='word_1_357' title='bbox 1152 2796 1227 2843; x_wconf 88' lang='lat' dir='ltr'>adhuc</span> 
     </span>
     <span class='ocr_line' id='line_1_37' title="bbox 152 2861 1226 2922; baseline 0.003 -14"><span class='ocrx_word' id='word_1_358' title='bbox 152 2861 677 2922; x_wconf 74' lang='lat' dir='ltr'>qacodlolosynagoge,omncssenctr&#39;,etin</span> <span class='ocrx_word' id='word_1_359' title='bbox 702 2864 829 2922; x_wconf 91' lang='lat' dir='ltr'>nesciens,</span> <span class='ocrx_word' id='word_1_360' title='bbox 854 2864 1088 2911; x_wconf 84' lang='lat' dir='ltr'>immurmuraverat</span> <span class='ocrx_word' id='word_1_361' title='bbox 1116 2865 1226 2912; x_wconf 84' lang='lat' dir='ltr'>adversus</span> 
     </span>
     <span class='ocr_line' id='line_1_38' title="bbox 151 2931 1226 2992; baseline 0.001 -15"><span class='ocrx_word' id='word_1_362' title='bbox 151 2931 205 2990; x_wconf 70' lang='lat' dir='ltr'>lpum</span> <span class='ocrx_word' id='word_1_363' title='bbox 219 2931 343 2976; x_wconf 84' lang='lat' dir='ltr'>Dominus.</span> <span class='ocrx_word' id='word_1_364' title='bbox 702 2932 802 2980; x_wconf 85' lang='lat' dir='ltr'>tratrem</span> <span class='ocrx_word' id='word_1_365' title='bbox 813 2934 927 2992; x_wconf 88' lang='lat' dir='ltr'>Moysen,</span> <span class='ocrx_word' id='word_1_366' title='bbox 939 2933 1013 2991; x_wconf 84' lang='lat' dir='ltr'>leprae</span> <span class='ocrx_word' id='word_1_367' title='bbox 1030 2933 1135 2980; x_wconf 87' lang='lat' dir='ltr'>maculis</span> <span class='ocrx_word' id='word_1_368' title='bbox 1147 2933 1226 2979; x_wconf 88' lang='lat' dir='ltr'>inhor-</span> 
     </span>
     <span class='ocr_line' id='line_1_39' title="bbox 181 2995 1227 3061; baseline 0.002 -16"><span class='ocrx_word' id='word_1_369' title='bbox 181 2998 220 3046; x_wconf 77' lang='lat'>55.</span> <span class='ocrx_word' id='word_1_370' title='bbox 227 2997 296 3045; x_wconf 89' lang='lat' dir='ltr'>Unde</span> <span class='ocrx_word' id='word_1_371' title='bbox 307 2998 384 3044; x_wconf 89' lang='lat' dir='ltr'>iratus</span> <span class='ocrx_word' id='word_1_372' title='bbox 391 2995 510 3045; x_wconf 86' lang='lat' dir='ltr'>Dominus</span> <span class='ocrx_word' id='word_1_373' title='bbox 517 2998 633 3058; x_wconf 85' lang='lat' dir='ltr'>loquutus</span> <span class='ocrx_word' id='word_1_374' title='bbox 641 2999 678 3046; x_wconf 81' lang='lat' dir='ltr'>est</span> <span class='ocrx_word' id='word_1_375' title='bbox 702 3002 753 3048; x_wconf 91' lang='lat' dir='ltr'>ruit</span> <span class='ocrx_word' id='word_1_376' title='bbox 764 3001 808 3061; x_wconf 87' lang='lat' dir='ltr'>;ut</span> <span class='ocrx_word' id='word_1_377' title='bbox 818 3002 863 3049; x_wconf 78' lang='lat' dir='ltr'>rix</span> <span class='ocrx_word' id='word_1_378' title='bbox 874 3002 941 3048; x_wconf 89' lang='lat' dir='ltr'>tanto</span> <span class='ocrx_word' id='word_1_379' title='bbox 957 3001 1023 3048; x_wconf 89' lang='lat' dir='ltr'>esset</span> <span class='ocrx_word' id='word_1_380' title='bbox 1032 3002 1145 3050; x_wconf 86' lang='lat' dir='ltr'>absoluta</span> <span class='ocrx_word' id='word_1_381' title='bbox 1151 3003 1227 3049; x_wconf 87' lang='lat' dir='ltr'>conta·</span> 
     </span>
     <span class='ocr_line' id='line_1_40' title="bbox 151 3067 1226 3130; baseline 0 -14"><span class='ocrx_word' id='word_1_382' title='bbox 151 3068 183 3116; x_wconf 91' lang='lat' dir='ltr'>ad</span> <span class='ocrx_word' id='word_1_383' title='bbox 193 3079 289 3114; x_wconf 88' lang='lat' dir='ltr'>omnem</span> <span class='ocrx_word' id='word_1_384' title='bbox 301 3067 458 3127; x_wconf 75' lang='lat' dir='ltr'>synagogam.</span> <span class='ocrx_word' id='word_1_385' title='bbox 469 3068 635 3117; x_wconf 83' lang='lat' dir='ltr'>consideravit</span> <span class='ocrx_word' id='word_1_386' title='bbox 652 3070 678 3116; x_wconf 90' lang='lat' dir='ltr'>et</span> <span class='ocrx_word' id='word_1_387' title='bbox 703 3071 758 3130; x_wconf 88' lang='lat' dir='ltr'>gio,</span> <span class='ocrx_word' id='word_1_388' title='bbox 774 3071 821 3117; x_wconf 94' lang='lat' dir='ltr'>nisi</span> <span class='ocrx_word' id='word_1_389' title='bbox 839 3072 932 3130; x_wconf 87' lang='lat' dir='ltr'>Moyses</span> <span class='ocrx_word' id='word_1_390' title='bbox 944 3072 1060 3129; x_wconf 83' lang='lat' dir='ltr'>rogasset.</span> <span class='ocrx_word' id='word_1_391' title='bbox 1072 3071 1190 3129; x_wconf 82' lang='lat' dir='ltr'>Quamvis</span> <span class='ocrx_word' id='word_1_392' title='bbox 1199 3070 1226 3116; x_wconf 91' lang='lat' dir='ltr'>ad</span> 
     </span>
     <span class='ocr_line' id='line_1_41' title="bbox 151 3136 1226 3199; baseline -0.001 -14"><span class='ocrx_word' id='word_1_393' title='bbox 151 3138 222 3186; x_wconf 85' lang='lat' dir='ltr'>novit</span> <span class='ocrx_word' id='word_1_394' title='bbox 232 3136 349 3183; x_wconf 89' lang='lat' dir='ltr'>Dominus</span> <span class='ocrx_word' id='word_1_395' title='bbox 359 3137 467 3197; x_wconf 83' lang='lat' dir='ltr'>quisunt</span> <span class='ocrx_word' id='word_1_396' title='bbox 477 3136 540 3196; x_wconf 83' lang='lat' dir='ltr'>ejus,</span> <span class='ocrx_word' id='word_1_397' title='bbox 549 3138 677 3185; x_wconf 88' lang='lat' dir='ltr'>etsanctos</span> <span class='ocrx_word' id='word_1_398' title='bbox 702 3141 787 3199; x_wconf 90' lang='lat' dir='ltr'>typum</span> <span class='ocrx_word' id='word_1_399' title='bbox 799 3140 929 3199; x_wconf 80' lang='lat' dir='ltr'>synagogae</span> <span class='ocrx_word' id='word_1_400' title='bbox 943 3138 987 3184; x_wconf 89' lang='lat' dir='ltr'>illa</span> <span class='ocrx_word' id='word_1_401' title='bbox 1008 3138 1118 3187; x_wconf 85' lang='lat' dir='ltr'>retertur</span> <span class='ocrx_word' id='word_1_402' title='bbox 1133 3139 1226 3185; x_wconf 90' lang='lat' dir='ltr'>admur-</span> 
     </span>
     <span class='ocr_line' id='line_1_42' title="bbox 151 3205 1226 3268; baseline 0 -15"><span class='ocrx_word' id='word_1_403' title='bbox 151 3205 254 3253; x_wconf 84' lang='lat' dir='ltr'>adduxit</span> <span class='ocrx_word' id='word_1_404' title='bbox 261 3205 292 3252; x_wconf 91' lang='lat' dir='ltr'>ad</span> <span class='ocrx_word' id='word_1_405' title='bbox 302 3217 328 3253; x_wconf 90' lang='lat' dir='ltr'>se</span> <span class='ocrx_word' id='word_1_406' title='bbox 338 3218 345 3251; x_wconf 78' lang='lat' dir='ltr'>c</span> <span class='ocrx_word' id='word_1_407' title='bbox 357 3205 382 3252; x_wconf 88' lang='lat' dir='ltr'>et</span> <span class='ocrx_word' id='word_1_408' title='bbox 397 3217 457 3265; x_wconf 89' lang='lat' dir='ltr'>qnos</span> <span class='ocrx_word' id='word_1_409' title='bbox 468 3216 516 3252; x_wconf 92' lang='lat' dir='ltr'>non</span> <span class='ocrx_word' id='word_1_410' title='bbox 528 3206 617 3266; x_wconf 83' lang='lat' dir='ltr'>elegit,</span> <span class='ocrx_word' id='word_1_411' title='bbox 628 3221 677 3255; x_wconf 91' lang='lat' dir='ltr'>non</span> <span class='ocrx_word' id='word_1_412' title='bbox 702 3209 881 3268; x_wconf 61' lang='lat' dir='ltr'>morsumque</span> <span class='ocrx_word' id='word_1_413' title='bbox 890 3207 1042 3267; x_wconf 80' lang='lat' dir='ltr'>AEthiopissaa</span> <span class='ocrx_word' id='word_1_414' title='bbox 1051 3207 1133 3268; x_wconf 89' lang='lat' dir='ltr'>istius,</span> <span class='ocrx_word' id='word_1_415' title='bbox 1145 3208 1226 3264; x_wconf 87' lang='lat' dir='ltr'>idest,</span> 
     </span>
     <span class='ocr_line' id='line_1_43' title="bbox 152 3273 1226 3341; baseline 0.001 -21"><span class='ocrx_word' id='word_1_416' title='bbox 152 3273 254 3321; x_wconf 85' lang='lat' dir='ltr'>adduxit</span> <span class='ocrx_word' id='word_1_417' title='bbox 262 3273 292 3320; x_wconf 87' lang='lat' dir='ltr'>ad</span> <span class='ocrx_word' id='word_1_418' title='bbox 301 3287 337 3321; x_wconf 78' lang='lat' dir='ltr'>se.</span> <span class='ocrx_word' id='word_1_419' title='bbox 344 3274 372 3320; x_wconf 85' lang='lat' dir='ltr'>Et</span> <span class='ocrx_word' id='word_1_420' title='bbox 380 3273 452 3341; x_wconf 88' lang='lat' dir='ltr'>jussit</span> <span class='ocrx_word' id='word_1_421' title='bbox 460 3275 587 3333; x_wconf 88' lang='lat' dir='ltr'>Dominus,</span> <span class='ocrx_word' id='word_1_422' title='bbox 594 3276 621 3322; x_wconf 92' lang='lat' dir='ltr'>ut</span> <span class='ocrx_word' id='word_1_423' title='bbox 632 3277 678 3322; x_wconf 90' lang='lat' dir='ltr'>eli·</span> <span class='ocrx_word' id='word_1_424' title='bbox 702 3277 816 3323; x_wconf 85' lang='lat' dir='ltr'>Ecclesiae</span> <span class='ocrx_word' id='word_1_425' title='bbox 827 3289 859 3324; x_wconf 80' lang='lat' dir='ltr'>en</span> <span class='ocrx_word' id='word_1_426' title='bbox 874 3277 987 3336; x_wconf 84' lang='lat' dir='ltr'>gentihus</span> <span class='ocrx_word' id='word_1_427' title='bbox 998 3278 1181 3324; x_wconf 76' lang='lat' dir='ltr'>sacramentum</span> <span class='ocrx_word' id='word_1_428' title='bbox 1192 3276 1226 3335; x_wconf 88' lang='lat' dir='ltr'>ig-</span> 
     </span>
     <span class='ocr_line' id='line_1_44' title="bbox 151 3343 1227 3405; baseline 0.003 -17"><span class='ocrx_word' id='word_1_429' title='bbox 151 3343 238 3402; x_wconf 86' lang='lat' dir='ltr'>gerent</span> <span class='ocrx_word' id='word_1_430' title='bbox 255 3343 302 3388; x_wconf 84' lang='lat' dir='ltr'>sihi</span> <span class='ocrx_word' id='word_1_431' title='bbox 314 3344 406 3400; x_wconf 88' lang='lat' dir='ltr'>arulas,</span> <span class='ocrx_word' id='word_1_432' title='bbox 423 3343 448 3390; x_wconf 88' lang='lat' dir='ltr'>et</span> <span class='ocrx_word' id='word_1_433' title='bbox 461 3343 587 3390; x_wconf 91' lang='lat' dir='ltr'>incensum</span> <span class='ocrx_word' id='word_1_434' title='bbox 600 3357 676 3404; x_wconf 89' lang='lat' dir='ltr'>ponc·</span> <span class='ocrx_word' id='word_1_435' title='bbox 701 3357 802 3404; x_wconf 85' lang='lat' dir='ltr'>uorans,</span> <span class='ocrx_word' id='word_1_436' title='bbox 820 3347 961 3405; x_wconf 87' lang='lat' dir='ltr'>quotidiano</span> <span class='ocrx_word' id='word_1_437' title='bbox 980 3346 1156 3394; x_wconf 88' lang='lat' dir='ltr'>immurmurat</span> <span class='ocrx_word' id='word_1_438' title='bbox 1174 3358 1227 3392; x_wconf 86' lang='lat' dir='ltr'>con·</span> 
     </span>
     <span class='ocr_line' id='line_1_45' title="bbox 150 3410 1226 3475; baseline 0.005 -20"><span class='ocrx_word' id='word_1_439' title='bbox 150 3411 272 3455; x_wconf 79' lang='lat' dir='ltr'>renidere</span> <span class='ocrx_word' id='word_1_440' title='bbox 284 3410 309 3455; x_wconf 90' lang='lat' dir='ltr'>et</span> <span class='ocrx_word' id='word_1_441' title='bbox 319 3422 418 3468; x_wconf 90' lang='lat' dir='ltr'>omnes,</span> <span class='ocrx_word' id='word_1_442' title='bbox 428 3411 471 3469; x_wconf 89' lang='lat' dir='ltr'>qui</span> <span class='ocrx_word' id='word_1_443' title='bbox 481 3424 537 3458; x_wconf 92' lang='lat' dir='ltr'>cum</span> <span class='ocrx_word' id='word_1_444' title='bbox 553 3424 582 3458; x_wconf 87' lang='lat' dir='ltr'>eo</span> <span class='ocrx_word' id='word_1_445' title='bbox 598 3412 677 3460; x_wconf 91' lang='lat' dir='ltr'>insur-</span> <span class='ocrx_word' id='word_1_446' title='bbox 701 3412 779 3471; x_wconf 85' lang='lat' dir='ltr'>vicio,</span> <span class='ocrx_word' id='word_1_447' title='bbox 801 3416 827 3460; x_wconf 91' lang='lat' dir='ltr'>et</span> <span class='ocrx_word' id='word_1_448' title='bbox 837 3413 932 3461; x_wconf 83' lang='lat' dir='ltr'>invidet</span> <span class='ocrx_word' id='word_1_449' title='bbox 947 3413 972 3460; x_wconf 90' lang='lat' dir='ltr'>ci</span> <span class='ocrx_word' id='word_1_450' title='bbox 992 3413 1075 3474; x_wconf 90' lang='lat' dir='ltr'>plebi,</span> <span class='ocrx_word' id='word_1_451' title='bbox 1095 3416 1165 3475; x_wconf 79' lang='lat' dir='ltr'>euius</span> <span class='ocrx_word' id='word_1_452' title='bbox 1183 3414 1226 3462; x_wconf 89' lang='lat' dir='ltr'>tide</span> 
     </span>
     <span class='ocr_line' id='line_1_46' title="bbox 151 3477 1227 3544; baseline 0.007 -20"><span class='ocrx_word' id='word_1_453' title='bbox 151 3478 269 3524; x_wconf 85' lang='lat' dir='ltr'>rexerant</span> <span class='ocrx_word' id='word_1_454' title='bbox 291 3477 420 3524; x_wconf 88' lang='lat' dir='ltr'>adversum</span> <span class='ocrx_word' id='word_1_455' title='bbox 436 3479 536 3537; x_wconf 83' lang='lat' dir='ltr'>Moysen</span> <span class='ocrx_word' id='word_1_456' title='bbox 554 3480 580 3528; x_wconf 87' lang='lat' dir='ltr'>et</span> <span class='ocrx_word' id='word_1_457' title='bbox 597 3484 675 3530; x_wconf 81' lang='lat' dir='ltr'>Aaron</span> <span class='ocrx_word' id='word_1_458' title='bbox 702 3482 1146 3543; x_wconf 76' lang='lat' dir='ltr'>etlamipsaexueturaperuuiaesuae</span> <span class='ocrx_word' id='word_1_459' title='bbox 1154 3487 1227 3544; x_wconf 89' lang='lat' dir='ltr'>lepra,</span> 
     </span>
     <span class='ocr_line' id='line_1_47' title="bbox 151 3544 1227 3612; baseline 0.01 -18"><span class='ocrx_word' id='word_1_460' title='bbox 151 3544 408 3606; x_wconf 81' lang='lat' dir='ltr'>sacerdotesDomini3</span> <span class='ocrx_word' id='word_1_461' title='bbox 418 3547 499 3608; x_wconf 90' lang='lat' dir='ltr'>utqui</span> <span class='ocrx_word' id='word_1_462' title='bbox 509 3548 601 3596; x_wconf 89' lang='lat' dir='ltr'>electus</span> <span class='ocrx_word' id='word_1_463' title='bbox 612 3552 676 3599; x_wconf 89' lang='lat' dir='ltr'>essct</span> <span class='ocrx_word' id='word_1_464' title='bbox 701 3552 836 3600; x_wconf 90' lang='lat' dir='ltr'>seeundum</span> <span class='ocrx_word' id='word_1_465' title='bbox 843 3553 909 3612; x_wconf 88' lang='lat' dir='ltr'>quod</span> <span class='ocrx_word' id='word_1_466' title='bbox 916 3552 1030 3611; x_wconf 87' lang='lat' dir='ltr'>legimus,</span> <span class='ocrx_word' id='word_1_467' title='bbox 1035 3553 1095 3612; x_wconf 89' lang='lat' dir='ltr'>quia</span> <span class='ocrx_word' id='word_1_468' title='bbox 1101 3558 1191 3604; x_wconf 81' lang='lat' dir='ltr'>caecites</span> <span class='ocrx_word' id='word_1_469' title='bbox 1199 3569 1227 3603; x_wconf 76' lang='lat' dir='ltr'>cs</span> 
     </span>
     <span class='ocr_line' id='line_1_48' title="bbox 151 3614 1227 3683; baseline 0.008 -19"><span class='ocrx_word' id='word_1_470' title='bbox 151 3614 293 3676; x_wconf 89' lang='lat' dir='ltr'>aDomino,</span> <span class='ocrx_word' id='word_1_471' title='bbox 310 3616 364 3677; x_wconf 86' lang='lat' dir='ltr'>ipse</span> <span class='ocrx_word' id='word_1_472' title='bbox 378 3618 475 3666; x_wconf 84' lang='lat' dir='ltr'>sanctus</span> <span class='ocrx_word' id='word_1_473' title='bbox 491 3617 676 3670; x_wconf 86' lang='lat' dir='ltr'>confirmaretur</span> <span class='ocrx_word' id='word_1_474' title='bbox 700 3624 765 3681; x_wconf 86' lang='lat' dir='ltr'>pcrtc</span> <span class='ocrx_word' id='word_1_475' title='bbox 781 3625 806 3669; x_wconf 83' lang='lat' dir='ltr'>iu</span> <span class='ocrx_word' id='word_1_476' title='bbox 818 3623 891 3669; x_wconf 83' lang='lat' dir='ltr'>lsrael</span> <span class='ocrx_word' id='word_1_477' title='bbox 902 3624 1010 3682; x_wconf 78' lang='lat' dir='ltr'>contigit,</span> <span class='ocrx_word' id='word_1_478' title='bbox 1026 3623 1099 3670; x_wconf 85' lang='lat' dir='ltr'>denec</span> <span class='ocrx_word' id='word_1_479' title='bbox 1113 3626 1227 3683; x_wconf 82' lang='lat' dir='ltr'>plenitudo</span> 
     </span>
     <span class='ocr_line' id='line_1_49' title="bbox 152 3683 1227 3749; baseline 0.009 -18"><span class='ocrx_word' id='word_1_480' title='bbox 152 3683 314 3732; x_wconf 82' lang='lat' dir='ltr'>interioritas</span> <span class='ocrx_word' id='word_1_481' title='bbox 324 3685 430 3733; x_wconf 87' lang='lat' dir='ltr'>Domini.</span> <span class='ocrx_word' id='word_1_482' title='bbox 701 3692 802 3749; x_wconf 82' lang='lat' dir='ltr'>gentium</span> <span class='ocrx_word' id='word_1_483' title='bbox 813 3687 924 3746; x_wconf 80' lang='lat' dir='ltr'>iutrarct,</span> <span class='ocrx_word' id='word_1_484' title='bbox 935 3693 958 3738; x_wconf 86' lang='lat' dir='ltr'>ct</span> <span class='ocrx_word' id='word_1_485' title='bbox 969 3693 1002 3739; x_wconf 84' lang='lat' dir='ltr'>sic</span> <span class='ocrx_word' id='word_1_486' title='bbox 1014 3694 1091 3741; x_wconf 79' lang='lat' dir='ltr'>curuis</span> <span class='ocrx_word' id='word_1_487' title='bbox 1099 3695 1174 3742; x_wconf 84' lang='lat' dir='ltr'>Isrect</span> <span class='ocrx_word' id='word_1_488' title='bbox 1182 3695 1227 3741; x_wconf 86' lang='lat' dir='ltr'>sut·</span> 
     </span>
     <span class='ocr_line' id='line_1_50' title="bbox 180 3750 821 3816; baseline 0.006 -15"><span class='ocrx_word' id='word_1_489' title='bbox 180 3750 218 3801; x_wconf 77' lang='grc' dir='ltr'><strong>ιιὶι.</strong></span> <span class='ocrx_word' id='word_1_490' title='bbox 235 3754 264 3801; x_wconf 87' lang='lat' dir='ltr'>Et</span> <span class='ocrx_word' id='word_1_491' title='bbox 274 3753 338 3802; x_wconf 87' lang='lat' dir='ltr'>dixit</span> <span class='ocrx_word' id='word_1_492' title='bbox 354 3757 447 3815; x_wconf 86' lang='lat' dir='ltr'>Moyses</span> <span class='ocrx_word' id='word_1_493' title='bbox 461 3757 492 3803; x_wconf 92' lang='lat' dir='ltr'>ad</span> <span class='ocrx_word' id='word_1_494' title='bbox 504 3757 562 3805; x_wconf 88' lang='lat' dir='ltr'>Core</span> <span class='ocrx_word' id='word_1_495' title='bbox 574 3771 581 3804; x_wconf 77' lang='grc' dir='ltr'>ι</span> <span class='ocrx_word' id='word_1_496' title='bbox 593 3759 675 3808; x_wconf 80' lang='lat' dir='ltr'>Audite</span> <span class='ocrx_word' id='word_1_497' title='bbox 701 3773 740 3806; x_wconf 79' lang='lat' dir='ltr'>eus</span> <span class='ocrx_word' id='word_1_498' title='bbox 749 3760 821 3816; x_wconf 79' lang='lat' dir='ltr'>ficret.</span> 
     </span>
     <span class='ocr_line' id='line_1_51' title="bbox 151 3824 1227 3889; baseline 0.004 -16"><span class='ocrx_word' id='word_1_499' title='bbox 151 3839 187 3873; x_wconf 87' lang='lat' dir='ltr'>me</span> <span class='ocrx_word' id='word_1_500' title='bbox 198 3860 203 3880; x_wconf 88' lang='lat'><strong><em>‚</em></strong></span> <span class='ocrx_word' id='word_1_501' title='bbox 214 3824 256 3883; x_wconf 78' lang='lat' dir='ltr'>filii</span> <span class='ocrx_word' id='word_1_502' title='bbox 266 3824 329 3879; x_wconf 71' lang='lat' dir='ltr'>dcvi,</span> <span class='ocrx_word' id='word_1_503' title='bbox 344 3828 460 3885; x_wconf 80' lang='lat' dir='ltr'>numquid</span> <span class='ocrx_word' id='word_1_504' title='bbox 470 3827 513 3874; x_wconf 88' lang='lat' dir='ltr'>lroc</span> <span class='ocrx_word' id='word_1_505' title='bbox 521 3829 632 3887; x_wconf 83' lang='lat' dir='ltr'>pusillum</span> <span class='ocrx_word' id='word_1_506' title='bbox 643 3833 675 3878; x_wconf 86' lang='lat' dir='ltr'>cst</span> <span class='ocrx_word' id='word_1_507' title='bbox 731 3828 768 3874; x_wconf 81' lang='lat'>58.</span> <span class='ocrx_word' id='word_1_508' title='bbox 787 3829 817 3875; x_wconf 88' lang='lat' dir='ltr'>Et</span> <span class='ocrx_word' id='word_1_509' title='bbox 834 3830 861 3875; x_wconf 91' lang='lat' dir='ltr'>ut</span> <span class='ocrx_word' id='word_1_510' title='bbox 874 3828 1029 3876; x_wconf 86' lang='lat' dir='ltr'>advertamus</span> <span class='ocrx_word' id='word_1_511' title='bbox 1043 3831 1089 3889; x_wconf 89' lang='lat' dir='ltr'>qui</span> <span class='ocrx_word' id='word_1_512' title='bbox 1109 3829 1135 3877; x_wconf 92' lang='lat' dir='ltr'>in</span> <span class='ocrx_word' id='word_1_513' title='bbox 1149 3841 1227 3877; x_wconf 85' lang='lat' dir='ltr'>sacer-</span> 
     </span>
     <span class='ocr_line' id='line_1_52' title="bbox 151 3892 1227 3958; baseline 0.003 -17"><span class='ocrx_word' id='word_1_514' title='bbox 151 3892 298 3951; x_wconf 59' lang='lat' dir='ltr'>volmecurt</span> <span class='ocrx_word' id='word_1_515' title='bbox 318 3894 432 3950; x_wconf 73' lang='lat' dir='ltr'>separavit</span> <span class='ocrx_word' id='word_1_516' title='bbox 446 3907 486 3942; x_wconf 81' lang='lat' dir='ltr'>uos</span> <span class='ocrx_word' id='word_1_517' title='bbox 504 3898 676 3954; x_wconf 77' lang='lat' dir='ltr'>Demasync-</span> <span class='ocrx_word' id='word_1_518' title='bbox 701 3896 798 3944; x_wconf 87' lang='lat' dir='ltr'>dotibus</span> <span class='ocrx_word' id='word_1_519' title='bbox 822 3897 905 3944; x_wconf 85' lang='lat' dir='ltr'>divina</span> <span class='ocrx_word' id='word_1_520' title='bbox 925 3898 1002 3957; x_wconf 84' lang='lat' dir='ltr'>magis</span> <span class='ocrx_word' id='word_1_521' title='bbox 1027 3911 1105 3958; x_wconf 87' lang='lat' dir='ltr'>quarn</span> <span class='ocrx_word' id='word_1_522' title='bbox 1124 3899 1227 3946; x_wconf 88' lang='lat' dir='ltr'>humana</span> 
     </span>
     <span class='ocr_line' id='line_1_53' title="bbox 152 3961 1228 4026; baseline 0.007 -19"><span class='ocrx_word' id='word_1_523' title='bbox 152 3974 210 4019; x_wconf 75' lang='lat' dir='ltr'>popa</span> <span class='ocrx_word' id='word_1_524' title='bbox 221 3961 302 4017; x_wconf 85' lang='lat' dir='ltr'>israel,</span> <span class='ocrx_word' id='word_1_525' title='bbox 313 3962 334 4007; x_wconf 87' lang='lat' dir='ltr'>ct</span> <span class='ocrx_word' id='word_1_526' title='bbox 345 3961 488 4010; x_wconf 78' lang='lat' dir='ltr'>addentium</span> <span class='ocrx_word' id='word_1_527' title='bbox 499 3965 529 4010; x_wconf 84' lang='lat' dir='ltr'>cd</span> <span class='ocrx_word' id='word_1_528' title='bbox 538 3977 579 4023; x_wconf 73' lang='grc' dir='ltr'>εις</span> <span class='ocrx_word' id='word_1_529' title='bbox 592 3967 619 4011; x_wconf 88' lang='grc' dir='ltr'>ιιι</span> <span class='ocrx_word' id='word_1_530' title='bbox 629 3967 676 4011; x_wconf 82' lang='lat' dir='ltr'>mi·</span> <span class='ocrx_word' id='word_1_531' title='bbox 701 3966 815 4023; x_wconf 88' lang='lat' dir='ltr'>operatur</span> <span class='ocrx_word' id='word_1_532' title='bbox 830 3967 925 4025; x_wconf 85' lang='lat' dir='ltr'>gratio,</span> <span class='ocrx_word' id='word_1_533' title='bbox 945 3979 994 4013; x_wconf 89' lang='lat' dir='ltr'>una</span> <span class='ocrx_word' id='word_1_534' title='bbox 1013 3979 1045 4013; x_wconf 85' lang='lat' dir='ltr'>ex</span> <span class='ocrx_word' id='word_1_535' title='bbox 1067 3968 1155 4015; x_wconf 90' lang='lat' dir='ltr'>multis</span> <span class='ocrx_word' id='word_1_536' title='bbox 1171 3980 1228 4026; x_wconf 80' lang='lat' dir='ltr'>qiras</span> 
     </span>
     <span class='ocr_line' id='line_1_54' title="bbox 151 4029 1228 4095; baseline 0.006 -20"><span class='ocrx_word' id='word_1_537' title='bbox 151 4029 280 4079; x_wconf 81' lang='lat' dir='ltr'>nistrarclis</span> <span class='ocrx_word' id='word_1_538' title='bbox 295 4030 424 4077; x_wconf 71' lang='lat' dir='ltr'>ministeriu</span> <span class='ocrx_word' id='word_1_539' title='bbox 450 4031 607 4080; x_wconf 81' lang='lat' dir='ltr'>Tabernaculr&#39;</span> <span class='ocrx_word' id='word_1_540' title='bbox 627 4035 675 4081; x_wconf 87' lang='lat' dir='ltr'>De·</span> <span class='ocrx_word' id='word_1_541' title='bbox 700 4035 792 4093; x_wconf 88' lang='lat' dir='ltr'>Moyses</span> <span class='ocrx_word' id='word_1_542' title='bbox 808 4046 852 4094; x_wconf 87' lang='lat' dir='ltr'>per</span> <span class='ocrx_word' id='word_1_543' title='bbox 863 4034 950 4082; x_wconf 66' lang='lat' dir='ltr'>tribus</span> <span class='ocrx_word' id='word_1_544' title='bbox 963 4036 1092 4095; x_wconf 85' lang='lat' dir='ltr'>acceperat</span> <span class='ocrx_word' id='word_1_545' title='bbox 1104 4038 1128 4085; x_wconf 88' lang='lat' dir='ltr'>et</span> <span class='ocrx_word' id='word_1_546' title='bbox 1144 4048 1228 4084; x_wconf 89' lang='lat' dir='ltr'>recon-</span> 
     </span>
    </p>
   </div>
   <div class='ocr_carea' id='block_1_3' title="bbox 0 0 1384 4800">
    <p class='ocr_par' dir='ltr' id='par_1_3' title="bbox 0 0 1384 4800">
     <span class='ocr_line' id='line_1_55' title="bbox 0 0 1384 4800; baseline 0 0"><span class='ocrx_word' id='word_1_547' title='bbox 0 0 1384 4800; x_wconf 95' lang='lat' dir='ltr'> </span> 
     </span>
    </p>
   </div>
  </div>
 </body>
</html>
