2760 4800
467 371 707 417 rnrsnonnnuu
723 375 859 422 crassos
875 379 908 423 11.
1031 379 1035 388 ·
1169 352 1171 356 ’
1192 379 1239 428 los

142 453 230 504 quam
251 448 379 496 adversum
396 450 542 501 dissidentes
558 453 683 502 difficilior
709 467 763 503 mus
773 459 957 517 reprehendere
966 495 974 521 ,
983 461 1067 522 exigui
1081 463 1171 510 stillam
1184 464 1239 510 exl-

84 563 87 567 ,
157 513 299 574 disputandi
319 518 393 566 locus.
707 525 807 582 gentem
826 527 966 587 sanguinis,
993 541 1050 577 cum
1078 531 1239 590 praedicemus

186 583 211 630 8.
223 585 373 645 Responsum
384 587 467 635 autem
485 588 532 637 sibi
543 588 684 646 huiusmodi
708 592 841 642 Dominum
848 596 933 643 lesum
945 597 1017 644 multi
1027 597 1172 646 effusionem
1182 612 1239 647 sarr·

157 650 277 713 habeant,
287 653 330 714 qui
345 656 447 704 creduut
459 657 485 704 in
501 659 632 706 Dominum
642 659 684 705 Je·
708 659 806 720 guinis,
817 663 842 709 et
857 663 933 711 totius
952 665 1061 724 corporis
1076 665 1180 714 mortem
1191 666 1239 714 im·

155 731 225 778 sum,
248 723 312 781 quod
341 723 434 771 nudare
461 725 601 784 noluimus,
626 738 684 772 cum
708 727 853 784 perantcmi

110 798 113 803 ·
155 787 285 836 adversum
295 790 423 848 opiniones
432 792 564 851 gentilium
574 792 684 854 disputa·
739 796 778 843 ll.
789 797 839 844 Nec
853 798 934 858 ipsum
949 802 1144 852 circumcisionis
1160 802 1240 863 sigua·

157 867 246 904 remus.
273 860 334 905 Nam
355 858 376 906 si
394 860 499 908 redemti
525 874 608 910 sumus
634 875 684 910 uon
709 864 791 910 culum
802 865 828 912 et
836 867 931 925 species
940 868 1150 933 feriabatur,quo
1161 884 1238 932 popu-

155 925 357 983 corruptibilibus
377 929 478 987 argento
499 929 525 978 et
548 943 621 990 auro,
640 931 684 978 sed
708 931 746 978 lus
763 932 810 979 Dei
825 934 1012 994 velutquodam
1030 939 1110 998 sigillo
1130 941 1240 1000 signatus

156 993 262 1050 pretioso
277 994 393 1053 sanguine
414 997 514 1060 Domini
534 999 610 1047 nostri
626 1001 684 1047 lesu
708 1001 829 1061 corporis,
851 1002 1035 1051 discernebatur
1057 1018 1071 1053 a
1088 1009 1182 1056 caeteris
1196 1020 1241 1055 na·

155 1061 258 1122 Christi3
277 1075 326 1122 quo
342 1064 429 1123 utique
447 1067 585 1126 vendente,
597 1068 683 1115 nisieo
708 1067 824 1116 tionibus.
846 1071 914 1118 llunc
933 1071 1015 1118 autem
1026 1073 1117 1120 Christi
1136 1075 1240 1123 donatus

155 1129 198 1188 qui
213 1131 322 1179 nostrum
330 1131 382 1190 -jarn
393 1134 538 1192 peccatricis
548 1137 683 1184 successio·
709 1139 808 1184 nomine
816 1137 913 1197 signum
924 1139 1190 1200 corporisnequaquam
1201 1155 1241 1189 re-

154 1197 194 1244 nis
202 1210 250 1246 aere
258 1201 386 1259 quesitum
394 1201 523 1250 servitium
530 1203 682 1263 possidebat:
707 1203 848 1264 quirit,qui
858 1207 1140 1267 praerogativamdiuinas
1149 1212 1241 1258 meruit

85 1276 94 1283 ·
154 1263 290 1315 sinedubio
307 1268 360 1328 ipse
377 1269 501 1329 flagitabat
516 1272 639 1332 pretium,
655 1272 683 1319 ut
707 1275 906 1332 nuncupationis.
919 1275 984 1334 Quid
996 1277 1079 1323 autern
1090 1277 1240 1339 absurdum,

154 1334 257 1381 servitio
268 1337 383 1395 exueret,
400 1349 460 1396 quos
468 1338 568 1387 tenebat
579 1339 683 1387 obstric·
708 1339 728 1384 si
739 1343 840 1404 propter
850 1343 968 1402 pietatem
984 1342 1080 1403 aliquid
1094 1344 1186 1392 doloris
1198 1347 1240 1393 vel

156 1401 202 1449 tos.
213 1402 321 1450 Pretium
332 1406 414 1452 autem
426 1407 516 1455 nostrae
530 1408 683 1456 liberationis
708 1407 797 1457 laboris
808 1409 896 1457 inferri
905 1410 1050 1472 videbatur,
1063 1425 1111 1472 quo
1129 1413 1186 1472 plus
1196 1414 1240 1461 de-

142 1470 207 1517 -erat
222 1472 318 1531 sanguis
328 1473 426 1521 Domini
436 1475 509 1534 Jesu,
521 1476 586 1535 quod
597 1488 682 1524 neces·
707 1477 774 1543 votip
783 1490 829 1539 per
849 1480 903 1526 haec
922 1478 1056 1527 certamina
1076 1481 1239 1540 probaretur?

143 1538 218 1585 sario
238 1541 380 1589 solvendum
396 1542 448 1589 erat
463 1543 502 1603 ei,
515 1544 556 1591 cui
574 1545 682 1602 peccatis
706 1546 820 1593 Pulcrum
830 1547 904 1594 etiarn
916 1546 944 1593 ut
955 1547 986 1593 ab
998 1547 1058 1605 ipsis
1068 1547 1127 1596 vitae
1138 1548 1240 1596 incuna-

154 1608 243 1656 nostris
250 1610 346 1656 venditi
361 1623 468 1660 eramus.
707 1613 772 1661 bulis
783 1616 877 1675 insigne
888 1610 1016 1675 religionis
1032 1615 1197 1677 adolesceret,
1212 1618 1238 1664 et

184 1677 208 1724 9.
220 1677 301 1726 Donec
316 1680 392 1740 igitur
402 1682 448 1729 hoc
456 1684 564 1741 pretium
575 1697 618 1743 pro
629 1696 682 1732 om·
708 1683 811 1740 puderet
821 1695 1021 1744 unumquemque
1037 1684 1116 1732 atatis
1134 1697 1238 1744 provec-

154 1745 227 1792 nibus
244 1747 379 1794 solveretur
390 1749 546 1807 hominibus,
557 1752 682 1810 quodllo-
707 1750 775 1797 tioris
793 1751 834 1798 vel
854 1751 946 1809 labori,
965 1752 1007 1798 vel
1031 1751 1109 1798 dolori
1133 1753 1236 1813 cedere,
1317 1760 1321 1783 ¹

154 1813 240 1861 minici
250 1816 373 1874 sanguinis
385 1817 502 1864 ollusione
513 1830 557 1876 pro
569 1820 679 1865 omnium
707 1829 809 1876 quorum
827 1818 959 1876 utrumque
969 1817 1056 1866 tenera
1077 1819 1180 1866 infantia
1195 1822 1236 1869 vi·
1248 1848 1252 1861 ·

154 1881 356 1933 tuilsolvendum
367 1885 536 1945 absolutione,
553 1898 615 1945 opus
633 1885 682 1933 suit
707 1886 791 1933 cisset.

153 1951 305 2011 singulorum
316 1953 498 2013 sanguine,qui
514 1955 578 2013 Lege
589 1955 682 2002 eicon·
738 1951 775 1998 li.
797 1953 844 2001 Sed
854 1954 905 2011 jam
922 1956 973 2003 levi
991 1954 1185 2003 circumcisionis
1195 1955 1239 2002 do·

154 2019 290 2068 suetudinis
305 2022 368 2080 ritu,
380 2023 683 2082 sacraepraeceptasequc·
706 2019 757 2066 lore
778 2032 828 2067 non
846 2033 906 2081 opus
925 2023 962 2068 est
977 2022 1114 2069 christiano
1132 2021 1237 2081 populo,

154 2093 240 2136 rentur
250 2091 386 2148 religionis.
399 2091 446 2138 Sed
452 2090 511 2151 quia
521 2091 628 2150 pretium
637 2103 681 2151 pro
706 2089 749 2146 qui
760 2089 864 2135 mortem
880 2089 979 2136 Domini
996 2089 1237 2149 circumferens,per

154 2158 266 2205 omnibus
276 2159 383 2205 solutum
396 2160 445 2217 est,
457 2159 616 2218 posteaquam
628 2172 683 2219 pas-
707 2157 829 2204 momenta
839 2156 934 2216 singula
945 2157 1019 2205 fronti
1030 2157 1136 2216 propriae
1154 2157 1238 2204 mortis

153 2225 611 2288 susesichristusllominus,1amnon
622 2240 682 2287 opus
707 2224 857 2271 contemtum
874 2224 1002 2283 inscribit,
1018 2224 1104 2284 utpote
1120 2225 1163 2284 qui
1174 2224 1236 2272 sciat

154 2293 207 2352 cst,
219 2294 246 2340 ut
254 2293 347 2343 viritim
358 2295 454 2355 sanguis
469 2296 620 2356 singulorum
635 2296 681 2343 cir·
706 2292 759 2339 sine
778 2304 849 2340 cruce
863 2292 962 2339 Domini
982 2294 1089 2341 salutem
1099 2305 1126 2340 se
1147 2292 1238 2340 hahere

153 2361 304 2410 cumcisione
314 2362 445 2422 fundatum
458 2376 514 2410 cum
526 2363 680 2423 insanguine
707 2373 754 2408 non
765 2373 845 2420 posse.
856 2361 916 2420 Quis
922 2361 988 2408 enim
997 2373 1044 2408 acu
1050 2360 1133 2407 utatur
1141 2360 1171 2407 ad
1177 2373 1239 2420 prae-

153 2429 242 2476 t'hristi
261 2431 414 2478 circumcisio
428 2431 599 2480 universorum
616 2433 681 2479 cele·
706 2430 828 2492 liandum,
840 2444 896 2480 cum
906 2431 964 2479 telis
982 2431 1117 2479 instructus
1133 2430 1166 2480 sit
1176 2431 1239 2479 vali-

153 2496 222 2544 brata
232 2499 277 2556 sit,
288 2499 313 2545 et
321 2499 348 2544 in
357 2499 425 2546 illius
435 2512 507 2547 cruce
514 2512 598 2547 omncs
607 2501 681 2548 simul
706 2501 833 2557 diorihusi

154 2565 265 2613 crucifixi
284 2567 360 2613 simus
377 2580 433 2614 cum
452 2581 494 2627 eo,
506 2569 532 2616 et
543 2571 680 2628 consepulti
736 2573 837 2618 islam
858 2573 919 2619 illud
938 2574 1020 2632 quivis
1037 2572 1237 2621 iocile‘reiellen·

153 2634 180 2679 in
191 2633 243 2692 ejus
254 2635 380 2694 sepulcro,
393 2636 552 2695 complantati
562 2636 681 2683 similitu·
706 2637 766 2685 dum
776 2639 894 2698 advertit,
904 2641 962 2697 quia
972 2642 1123 2699 propositum
1135 2643 1171 2688 est
1182 2642 1237 2700 ple-

153 2703 206 2749 dini
223 2704 307 2750 mortis
326 2704 395 2765 eius,
414 2705 681 2752 utullranonservia·
705 2717 792 2764 rosque
820 2706 927 2765 potuisse
953 2708 984 2752 ad
1006 2719 1079 2754 sacrae
1108 2707 1236 2772 religionis

153 2781 208 2818 mus
227 2774 327 2832 peccato
339 2786 345 2819 :
358 2775 404 2834 Qui
426 2775 489 2821 enim
509 2775 615 2821 mortuos
635 2776 680 2831 est,
706 2773 831 2831 provocari
850 2773 1008 2831 obsequium,
1029 2772 1079 2819 nisi
1099 2774 1181 2819 essent
1193 2774 1236 2819 do-

151 2841 288 2898 iostificotus
298 2843 332 2889 cst
345 2856 361 2889 o
371 2845 474 2901 peccato.
706 2840 764 2887 loris
775 2839 877 2898 timore,
888 2840 929 2887 vel
939 2839 1030 2887 lahorIs
1041 2839 1154 2886 contuitu
1164 2852 1237 2889 revo-

184 2909 222 2955 10.
232 2908 301 2966 Quod
311 2909 405 2968 siquis,
415 2911 443 2957 ut
453 2909 560 2956 ldarcion
569 2909 594 2957 et
604 2908 680 2956 liaui-
706 2908 764 2955 cati.
785 2908 910 2967 Etpotuit
925 2908 971 2955 hoc
990 2909 1084 2954 terrere
1101 2906 1233 2966 majorem,

153 2977 246 3034 chaeus,
256 2977 487 3037 reprehendendum
495 2978 540 3025 Dei
549 2979 619 3037 putat
628 2989 681 3025 esse
705 2975 770 3035 quod
778 2975 893 3023 infantuli
904 2974 1016 3034 plerique
1024 2974 1178 3022 sustinebant
1184 2975 1236 3023 sino

152 3045 286 3105 judicium,
305 3045 362 3106 qnia
380 3048 422 3093 vel
443 3047 569 3094 oraculum
587 3046 618 3094 de
634 3046 681 3093 cir·
706 3041 896 3104 periculoiEsto
905 3044 989 3090 tamen
1000 3044 1094 3101 aliquos
1103 3043 1238 3092 infantulos

74 3107 80 3119 '
154 3114 304 3162 enmcisione
314 3114 461 3163 celebranda
476 3114 599 3162 edendum
610 3115 683 3174 putu-
706 3114 859 3173 ludaeorum,
882 3125 937 3160 cum
967 3113 1076 3160 dolorem
1097 3113 1236 3160 circumcisi

153 3183 192 3230 vit
202 3195 270 3241 osse,
281 3183 322 3231 vel
334 3183 414 3242 legem
427 3196 474 3242 qua
486 3183 611 3242 sanguinis
620 3182 682 3229 etiu-
707 3183 815 3242 corporis
833 3182 957 3241 plagaque
976 3181 1095 3228 ferventis
1114 3181 1237 3228 sustinere

153 3251 190 3296 sio
207 3249 348 3309 mandatur,
359 3262 459 3298 necesse
472 3251 509 3299 est
524 3252 552 3299 ut
568 3250 589 3298 is
607 3251 682 3298 etiam
706 3263 755 3298 non
776 3249 915 3309 potuerint,
934 3246 1063 3295 defunctos
1081 3247 1156 3297 luisse
1171 3260 1178 3294 ε
1195 3249 1237 3296 sed

151 3319 281 3365 Dominum
300 3320 382 3366 iesum
401 3319 632 3379 reprehendendum
642 3330 682 3366 ar·
707 3319 753 3366 hoc
764 3330 810 3366 nec
822 3317 924 3365 caeteros
935 3315 1078 3363 deterrebat
1087 3315 1237 3375 provectiori

152 3388 270 3447 bitrotur,
286 3389 329 3447 qui
344 3400 393 3436 non
409 3388 542 3448 exignum,
556 3389 600 3437 sed
617 3391 682 3437 mul·
707 3388 777 3436 seinte
787 3385 944 3443 robustos,et
958 3383 1147 3430 laudabiliorem
1159 3382 1236 3432 iacie-

153 3461 206 3502 tum
221 3456 363 3514 sanguinem
378 3467 422 3514 pro
440 3456 515 3514 huius
525 3457 610 3505 mundi
620 3458 682 3505 ellu-
706 3456 748 3503 bat
762 3467 833 3512 eum,
844 3455 887 3515 qui
898 3453 1030 3513 preceptis
1048 3451 1172 3500 obedisset
1184 3464 1235 3500 coe·

154 3526 191 3571 dit
209 3525 376 3581 redemtione,
396 3525 421 3570 et
431 3524 554 3583 hodieque
571 3537 615 3571 nos
625 3526 681 3572 iun-
705 3524 817 3570 testibus.
1300 3570 1302 3577 ‚

154 3591 554 3650 ‹lerciubeisanquinemnostrum
561 3604 605 3650 pro
613 3593 681 3639 tanto
737 3590 774 3637 lh.
783 3590 852 3648 Quod
860 3591 880 3636 si
890 3590 936 3635 hoc
948 3590 975 3634 in
987 3589 1077 3648 exiguo
1092 3589 1174 3637 dolore
1196 3601 1236 3635 ar-

154 3659 278 3720 roligionis
294 3657 443 3715 certamine,
462 3657 564 3704 dicens:
578 3660 623 3717 Qui
633 3660 682 3706 ooli
705 3658 826 3705 bitrantur
844 3655 1003 3703 confessionis
1023 3655 1100 3704 luisse
1121 3658 1235 3704 obstacu-

116 3719 120 3727 ’
153 3742 191 3775 orte
200 3728 279 3786 sequi,
290 3727 356 3772 tollat
376 3738 466 3772 crucem
476 3739 557 3781 soom,
567 3729 589 3772 ct
599 3738 682 3784 scqoo-
705 3726 771 3783 lum,
783 3724 884 3784 quidde
897 3724 1015 3784 martyrio
1032 3725 1135 3773 dicunt?
1146 3727 1203 3770 Nam
1214 3727 1235 3770 si

156 3802 193 3842 lor
203 3809 248 3841 roe.
267 3793 293 3839 Si
310 3794 556 3851 autemnequaquam
569 3792 633 3848 justa
645 3792 681 3840 est
706 3792 1090 3851 reprehenduntcircumcisionis
1109 3792 1233 3850 dolorem,

154 3858 681 3920 accusatio,cumaliquistotumsepropie-
705 3858 918 3918 reprehendantet
926 3861 1060 3924 martyrum
1068 3859 1182 3918 mortem,
1191 3873 1236 3918 per

154 3932 206 3976 toto
214 3928 312 3986 odorat,
324 3927 349 3973 et
360 3926 432 3972 multi
441 3925 564 3984 sanguinis
572 3939 597 3974 se
609 3938 682 3972 mun·
705 3939 766 3987 quos
781 3927 903 3974 cumulata
916 3940 964 3974 tlon
975 3927 1069 3972 minuta
1081 3925 1166 3984 religio
1186 3931 1232 3974 ost.

155 3994 197 4047 dol
217 3994 478 4055 ollusi01103quomodo
499 3994 577 4052 legem
596 4006 681 4053 possu·
706 3996 733 4040 ln
747 3995 843 4057 tuntum
860 3995 941 4040 autem
957 3993 1024 4038 obest
1042 3991 1153 4040 nocuisse
1174 3993 1231 4041 fidei
