2760 4800
470 391 902 446 crisconnnuncnlsslsr.
1186 387 1231 450 til

145 467 202 518 visu
213 468 240 520 ct
250 467 350 533 auditu,
360 470 456 522 horrori
467 473 493 523 et
503 474 592 535 pudori
602 473 676 524 sunt?
701 475 801 527 ditionis
811 478 908 530 servilis
918 477 996 530 muni
1006 478 1119 544 inspecta
1128 485 1154 533 et
1163 484 1231 532 reiu-

145 535 259 600 benique
269 551 319 588 non
329 539 432 590 minima
443 541 521 591 etiam
538 543 565 590 in
575 543 626 591 tuis
636 543 678 592 lit·
700 544 764 608 tata,
774 547 1232 614 posteatledioloninonmeoqulde'm

144 606 207 656 teris
221 607 323 658 tenmtae
341 609 509 670 expressionis
526 611 677 661 verecundia
699 612 782 676 iussu,
792 615 835 664 sed
845 614 1092 668 Niccntiextnibuno
1101 621 1127 669 et
1134 621 1231 670 notario

144 675 193 723 est.
204 677 263 736 Quae
280 690 338 738 erqo
352 679 407 728 sine
425 679 514 728 dnmno
531 679 632 740 pudoris
649 681 676 728 in
700 681 794 732 domini
808 685 850 734 rel
862 685 958 746 patroni
969 687 1008 736 sui
1023 688 1151 738 voluntate
1166 689 1230 739 vlsi·

144 745 676 809 olienisauribusresonarenonquennt‚ea
700 749 750 798 tata
758 752 971 812 estapcritissima
980 754 1231 818 etlocnpletitemlna
1287 778 1290 782 ⁸

144 810 282 890 possuntin
292 811 390 874 virgine
400 811 455 862 sine
466 811 520 872 eins
529 814 620 862 tentari
630 827 676 865 ve·
699 817 839 876 hujusmodi
849 821 924 883 artis3
936 823 1107 874 etcumsimnl
1117 824 1231 886 istasup⁶
1250 836 1252 844 ’

145 877 280 927 recundrai
356 894 360 900 ·
699 886 827 948 peterent,
842 889 872 937 ut
880 901 961 950 nequo
971 892 1102 951 paupertas
1113 891 1230 940 obstetri-

174 945 200 996 6.
224 946 344 997 invenisti
364 948 413 997 tibi
434 949 486 999 vile
509 949 674 1012 mancipium,
699 953 735 1000 cis
745 957 883 1015 suspectam
893 958 986 1021 taceret
995 959 1228 1020 tidem,nequein·

143 1027 273 1076 procacem
283 1019 425 1080 vernulam,
441 1032 485 1068 cnr
500 1031 550 1068 non
566 1020 675 1069 abutaris
699 1021 811 1072 docilitas
818 1026 1076 1087 imperitiam,tamcn
1086 1028 1167 1077 adhuc
1176 1030 1226 1078 ma·

143 1083 288 1161 pudibundo
303 1086 454 1148 ministerio,
466 1088 492 1136 et
502 1100 610 1148 exponas
622 1089 676 1146 ejus
699 1090 743 1139 net
750 1094 864 1150 quaestio.

144 1154 304 1216 modestiam3
316 1168 372 1204 cnm
383 1156 595 1217 prasertimnibil
605 1169 675 1205 sanc-
728 1157 753 1206 9.
772 1160 838 1219 Quid
855 1163 948 1222 proinit
965 1162 1105 1225 iqitnream
1124 1161 1229 1225 inspici,

143 1221 195 1270 tius
212 1222 240 1270 ln
254 1222 352 1284 virgine
362 1224 408 1284 sit,
420 1238 497 1286 quam
506 1223 675 1272 verecundiori
699 1237 754 1273 cum
764 1226 887 1277 damnatio
895 1231 1008 1279 maneat?
1018 1233 1078 1280 Nam
1086 1231 1229 1292 utquisque

143 1291 196 1338 Non
214 1290 282 1339 enim
298 1303 367 1340 secra
384 1293 454 1353 virgo
464 1293 493 1341 ut
509 1305 611 1353 corpore
621 1294 675 1341 ton·
698 1294 819 1355 voluerit,
830 1299 873 1345 aut
884 1298 1026 1358 imperitam
1036 1299 1173 1359 medicam,
1184 1296 1234 1346 auti

143 1360 271 1426 tumuiodo
286 1359 383 1422 integra
398 1362 431 1410 sit
441 1361 573 1423 qnaeritur,
584 1362 610 1410 et
626 1374 675 1409 non
698 1363 834 1413 redemtam
843 1366 954 1424 adseret;
966 1367 1001 1416 ita
1012 1369 1067 1418 sine
1078 1368 1168 1416 effectu
1176 1365 1229 1415 nllo

143 1427 217 1476 utin
234 1429 348 1478 omnibus
364 1429 417 1489 ejus
428 1430 560 1478 inoliensus
576 1429 674 1478 maneat
698 1431 788 1490 injuria
809 1432 968 1494 inspectionis
982 1435 1029 1483 cst.
1048 1432 1118 1493 Quid
1135 1431 1228 1481 deinde

144 1496 232 1556 pudor.
243 1497 317 1558 Virgo
328 1498 429 1546 Domini
445 1498 497 1546 suis
508 1499 545 1546 est
554 1496 613 1545 nixa
624 1497 675 1546 iul·
698 1496 755 1546 liet?
775 1499 981 1563 Quotiescumque
1007 1500 1155 1560 emerserit,
1183 1497 1228 1561 qui

144 1566 193 1615 cris
212 1566 298 1616 adsui
317 1567 501 1627 probationem,
519 1579 567 1615 nec
586 1566 674 1614 alienis
698 1579 747 1615 non
757 1569 859 1629 credat,
869 1568 944 1618 toties
954 1570 1023 1631 virgo
1033 1564 1228 1618 adtrectabitnrt

144 1633 242 1684 dotibus
248 1636 319 1696 eget3
330 1639 359 1684 ut
367 1648 394 1685 se
403 1636 524 1696 virginem
536 1636 623 1696 probet
632 1648 639 1682 a
648 1636 674 1683 et
697 1636 757 1682 Nam
774 1636 795 1683 si
806 1646 925 1698 umquam
934 1650 961 1687 se
971 1637 1124 1688 visitandam
1132 1637 1224 1685 abnue·

143 1714 191 1752 nec
202 1703 354 1766 abditorum,
365 1705 566 1765 occultorumque
576 1703 674 1764 inspco-
697 1704 744 1764 rit,
762 1705 900 1754 secundnm
919 1706 1085 1755 adsertionem
1104 1706 1174 1754 tuam
1194 1703 1227 1752 de

143 1771 194 1832 tio,
204 1773 246 1821 sed
258 1773 330 1822 obvia
340 1774 455 1822 omnibus
463 1773 583 1822 modestia
598 1772 674 1820 adsti-
697 1772 801 1822 ommino
812 1775 968 1824 confitebitur
978 1789 987 1835 3
1004 1776 1030 1824 et
1044 1775 1140 1824 facilius
1150 1775 1188 1824 est
1198 1772 1228 1823 nt

101 1845 108 1858 ·
143 1840 244 1902 putatur
257 1841 408 1902 integritati.
417 1843 474 1890 lton
489 1850 590 1889 nnlcnn
606 1841 672 1900 Deo,
697 1840 788 1889 reiutct
809 1843 876 1903 quod
894 1856 1030 1904 numquam
1047 1844 1136 1893 iecerit
1153 1855 1227 1904 quam

143 1915 218 1971 qnam
228 1921 278 1957 non
288 1923 387 1958 snorum
397 1909 503 1970 maritas
511 1921 606 1956 morum
615 1921 673 1968 pro-
697 1909 762 1966 quod
772 1908 869 1959 iecerit.
880 1912 1048 1959 variabuntur
1060 1903 1137 1972 igitur
1145 1909 1227 1958 obste-

143 1978 186 2026 bat
198 1990 205 2024 ε
216 1990 266 2026 non
275 1978 394 2039 probatur
403 1977 524 2037 Domino,
534 1987 589 2035 quae
599 1976 674 2023 nnius
697 1975 785 2037 trices,
804 1991 837 2026 ne
856 1978 976 2039 suspectae
997 1978 1082 2039 aliqua
1099 1975 1227 2038 repetatur

65 2040 75 2061 ⁴
143 2047 284 2096 obstetricis
308 2045 403 2107 indiget
427 2044 583 2102 testimonio,
606 2044 674 2112 qnod
697 2046 1226 2108 qratiae.Erit.itaqnelnterplures,quam·

143 2116 290 2176 plerumque
309 2113 432 2176 quaeritur
455 2113 545 2174 pretio.
563 2114 596 2158 lla
614 2123 672 2173 ergo
697 2127 769 2173 quam
779 2127 914 2175 paucarum
928 2117 1040 2164 etiamin
1051 2116 1145 2175 magnis
1156 2114 1227 2163 urbi·

143 2183 190 2234 tibi
204 2184 313 2245 locuples
327 2183 428 2232 videtur
439 2182 470 2229 ad
480 2181 570 2241 tidem,
580 2193 636 2241 quaa
647 2181 672 2228 ct
697 2183 742 2230 bus
750 2183 792 2230 hic
798 2197 856 2232 usus
863 2185 980 2233 medendi
986 2186 1019 2234 sit
1030 2198 1037 2233 a
1050 2184 1225 2245 erit,inquam,

143 2253 233 2302 redimi
244 2255 269 2302 et
276 2253 328 2301 ialli
339 2253 420 2314 potest
427 2265 434 2312 ;
442 2251 471 2300 nt
482 2252 584 2300 excuset
594 2262 672 2310 ream,
696 2251 737 2299 vel
747 2253 883 2313 malevola,
898 2255 941 2303 vel
951 2253 1083 2314 imperita,
1094 2264 1169 2313 quam
1178 2264 1225 2313 pu·

143 2322 171 2370 et
182 2323 276 2371 crimen
293 2322 373 2382 tegat,
392 2320 435 2369 aut
452 2321 560 2380 nesciat,
580 2321 606 2368 ct
622 2331 672 2368 non
696 2319 761 2367 doris
771 2321 877 2369 claustra
886 2322 1049 2382 praetereant,
1060 2322 1086 2370 et
1096 2321 1226 2382 perimpe·

143 2389 220 2450 possit
230 2387 351 2449 flagitium
362 2385 566 2448 deprehenderet
695 2388 777 2436 titiam
799 2390 896 2450 integro
917 2391 1000 2438 notam
1022 2390 1105 2450 ailigat
1125 2386 1223 2450 pudoris

173 2458 198 2504 l.
209 2459 292 2518 Neque
303 2468 363 2506 vero
378 2456 442 2504 illud
455 2456 547 2514 justum
558 2453 671 2517 arbitror,
696 2456 770 2504 vides
781 2456 807 2504 in
818 2456 885 2517 quod
899 2457 1038 2518 periculum
1053 2457 1156 2505 inducas
1172 2455 1225 2504 vir·

144 2526 208 2588 quod
219 2527 269 2574 tuis
279 2524 488 2585 comprehendisti
496 2524 601 2584 litteris,
612 2526 670 2584 qnia
696 2524 802 2583 ginalem
807 2525 1061 2586 professionem‚dnm
1066 2523 1224 2573 obstetricem

143 2594 191 2642 nisi
202 2594 312 2654 inspecta
322 2593 410 2652 luerit,
429 2593 556 2652 integritas
571 2594 672 2651 pericli-
696 2592 860 2640 adhibendam
870 2595 955 2654 putas3
972 2594 1063 2653 utiam
1078 2605 1128 2642 non
1145 2592 1224 2639 solum

143 2663 220 2723 tetur,
232 2662 258 2711 et
269 2661 363 2708 incerto
373 2660 412 2708 sui
423 2659 535 2707 fluctuet.
547 2661 609 2719 llrpo
620 2672 672 2707 om-
696 2659 851 2708 verecundiae
868 2672 919 2708 suae
928 2660 1074 2721 dispendio,
1093 2658 1223 2708 sedetiam

142 2744 188 2779 nes
199 2743 254 2790 quac
267 2729 383 2788 inspectae
391 2739 440 2775 uon
452 2727 524 2784 aunt,
534 2727 672 2786 periculum
696 2723 834 2772 obstetricis
843 2724 938 2773 incerto
951 2726 1115 2785 periclitetur.

142 2796 272 2847 subierunt
286 2792 402 2856 pudoris?
419 2796 481 2853 Ergo
498 2795 524 2841 et
540 2807 596 2853 quae
606 2806 671 2854 nup·
726 2792 764 2839 lo.
783 2793 851 2839 Nunc
866 2792 1049 2840 consideremus
1059 2792 1125 2852 quod
1141 2791 1223 2840 obste-

143 2869 205 2914 turae
220 2863 291 2922 sunt,
308 2863 378 2922 prius
391 2861 565 2921 inspiciantur,
584 2861 613 2908 ut
623 2874 672 2909 nu·
696 2859 764 2906 tricis
773 2859 880 2906 officium
888 2860 930 2907 sit.
942 2861 1056 2920 Legimus
1064 2859 1139 2907 etiam
1148 2859 1173 2905 in
1182 2871 1225 2907 ve·

143 2936 204 2984 burst
211 2930 378 2993 probatiores?
387 2933 448 2992 Ergo
460 2929 486 2978 et
496 2943 550 2990 quae
561 2930 672 2978 velandae
696 2927 744 2975 teri
758 2928 912 2975 testamento
930 2927 1090 2985 obstetrices,
1111 2927 1155 2974 sed
1172 2939 1223 2975 non

143 3001 458 3065 sunt,prinssub1iciendae
465 3000 526 3049 sunt
533 2999 673 3058 hujusmodi
696 2997 874 3056 inspectrices:
887 2997 993 3056 denique
1012 2997 1044 3044 ad
1058 2995 1225 3056 parturientes

143 3073 391 3133 adtrectationi,non
399 3069 467 3119 enim
477 3068 617 3128 visitantur,
629 3069 673 3116 sed
697 3065 911 3125 ingrediebantur,
931 3075 981 3111 non
997 3063 1028 3111 ad
1049 3063 1175 3123 virgines3
1196 3063 1225 3111 nt
1256 3111 1263 3122 Ἴ(

143 3139 355 3190 adtrectanturset
363 3139 455 3187 rectius
462 3136 597 3185 secundum
605 3137 672 3184 tuam
696 3135 779 3192 partus
799 3133 965 3193 susciperent,
986 3144 1035 3179 non
1054 3133 1083 3179 nt
1103 3131 1224 3192 pudorem
1257 3144 1259 3148 ⁴

144 3210 291 3259 sententiam
319 3207 451 3268 inspicitur
477 3216 528 3253 non
556 3204 670 3265 probata,
696 3201 980 3251 examinarentlludeet
988 3200 1132 3249 obstetrices
1142 3200 1224 3260 dictas,

143 3291 217 3340 qnam
234 3277 382 3327 consecrata.
696 3283 725 3318 eo
744 3270 810 3331 quod
827 3269 946 3319 obsistant
963 3269 1043 3317 dolori
1063 3282 1070 3316 a
1091 3269 1134 3319 vel
1156 3268 1224 3316 certe

173 3347 197 3394 8.
205 3345 357 3406 Quid,quod
365 3343 441 3392 etiam
449 3339 672 3403 ipsi'archiatridi-
695 3339 804 3400 pignori,
827 3351 860 3387 nc
877 3337 967 3386 laxatis
988 3338 1055 3386 uteri
1073 3336 1226 3398 genitalibus
1251 3371 1254 3375 .

144 3416 204 3463 eunt
212 3429 261 3462 nou
273 3415 331 3463 satis
339 3412 432 3474 liquido
442 3410 620 3470 comprehendi
632 3411 672 3458 in·
695 3409 822 3468 claustris,
840 3407 867 3454 iu
880 3407 973 3455 temam
991 3406 1092 3454 detlnat.
1112 3404 1224 3453 Secundo

143 3484 276 3546 spectionis
285 3484 373 3543 iidem,
384 3483 410 3530 et
420 3481 480 3542 ipsis
487 3480 617 3529 medicine
627 3492 672 3530 rc·
696 3476 721 3523 et
736 3476 810 3523 tertio
821 3475 874 3522 loco
887 3474 914 3522 in
932 3474 1066 3534 Scriptnris
1082 3472 1224 3521 invenimus
1284 3505 1288 3512 .

143 3555 217 3602 tostis
232 3551 373 3600 doctoribus
387 3550 414 3598 id
432 3548 564 3598 sententiae
579 3546 672 3595 inisset
695 3544 838 3593 obstetrices
849 3543 972 3591 adhibitas
983 3556 990 3590 τ
1003 3543 1047 3591 sed
1058 3542 1151 3603 ubique
1168 3553 1223 3601 par·

143 3621 189 3668 Nos
200 3629 352 3680 quoquensu
365 3616 411 3664 hoc
422 3615 595 3675 cognovimus,
606 3626 671 3674 saepc
695 3613 750 3671 tui,
767 3624 888 3672 nusquam
903 3611 1061 3672 inspectioni.
1079 3611 1160 3657 Primo
1181 3609 1223 3656 ubl

143 3688 209 3736 inter
220 3684 365 3735 obstetrices
380 3684 491 3733 obortam
508 3681 670 3743 varietatem,
696 3681 787 3728 Rachel
804 3679 925 3740 parturit,
943 3679 1033 3727 deinde
1048 3678 1095 3726 ubi
1117 3678 1223 3725 Thamar

144 3752 592 3816 ctquaestionemexoitatam3utplus
601 3751 672 3800 dubi·
695 3748 774 3809 parit,
785 3747 859 3795 tertio
875 3747 919 3794 nbi
935 3745 1057 3795 necandos
1067 3757 1147 3794 mares
1161 3744 1221 3790 Pha-

143 3823 221 3872 tatnm
231 3823 264 3871 sit
273 3823 304 3870 de
314 3834 357 3882 ea,
377 3834 432 3882 qnae
448 3820 627 3882 inspiciendam
644 3831 671 3867 sc
696 3829 739 3865 rao
750 3816 848 3864 mmudat
865 3815 1026 3864 Hebraeorum
1037 3811 1222 3866 obstetricibusa

143 3892 290 3954 prebuerit,
302 3903 377 3952 quam
385 3891 415 3938 de
425 3902 454 3938 ea
465 3903 521 3951 quae
533 3901 583 3937 non
594 3889 669 3938 inerit
695 3887 791 3947 wando
799 3885 979 3946 responderunt
986 3885 1051 3942 illae,
1061 3893 1110 3929 non
1119 3891 1148 3927 eo
1155 3887 1223 3925 more

144 3961 263 4020 iuspecto.
275 3958 403 4019 Siquidem
412 3958 437 4005 et
445 3957 558 4018 proximo
570 3957 670 4007 id'com-
695 3955 810 4004 Hebraeas
825 3954 928 4002 seminas
942 3964 1043 4013 parere,
1062 3960 1110 4026 quo
1125 3943 1225 4005 pariunt

144 4027 254 4089 peririins
269 4025 403 4087 exemplos
416 4024 595 4086 namqusedam
614 4037 669 4076 con·
695 4024 828 4087 dqyptiac:
847 4022 890 4072 scd
908 4021 1021 4070 llcbraras
1037 4028 1105 4077 prius
1125 4022 1224 4074 parere.
1324 4054 1341 4060 ..
