<?xml version="1.0" encoding="UTF-8"?>
<!DOCTYPE html PUBLIC "-//W3C//DTD XHTML 1.0 Transitional//EN"
    "http://www.w3.org/TR/xhtml1/DTD/xhtml1-transitional.dtd">
<html xmlns="http://www.w3.org/1999/xhtml" xml:lang="en" lang="en">
 <head>
  <title>
</title>
<meta http-equiv="Content-Type" content="text/html;charset=utf-8" />
  <meta name='ocr-system' content='tesseract 3.04.00' />
  <meta name='ocr-capabilities' content='ocr_page ocr_carea ocr_par ocr_line ocrx_word'/>
</head>
<body>
  <div class='ocr_page' id='page_1' title='image "./operaomnia03ambrgoog/operaomnia03ambrgoog_0056.png"; bbox 0 0 2760 4800; ppageno 0'>
   <div class='ocr_carea' id='block_1_1' title="bbox 83 430 1171 595">
    <p class='ocr_par' dir='ltr' id='par_1_1' title="bbox 83 430 1171 595">
     <span class='ocr_line' id='line_1_1' title="bbox 325 430 1167 498; baseline 0.017 -14"><span class='ocrx_word' id='word_1_1' title='bbox 325 430 327 434; x_wconf 82' lang='grc'>’</span> <span class='ocrx_word' id='word_1_2' title='bbox 365 437 409 485; x_wconf 83' lang='lat' dir='ltr'><strong>nn</strong></span> <span class='ocrx_word' id='word_1_3' title='bbox 427 439 573 486; x_wconf 72' lang='lat' dir='ltr'><strong>summu</strong></span> <span class='ocrx_word' id='word_1_4' title='bbox 591 439 735 488; x_wconf 79' lang='lat' dir='ltr'><strong>sineno</strong></span> <span class='ocrx_word' id='word_1_5' title='bbox 754 447 857 492; x_wconf 79' lang='lat' dir='ltr'><strong>sinen</strong></span> <span class='ocrx_word' id='word_1_6' title='bbox 877 449 926 494; x_wconf 81' lang='grc' dir='ltr'><strong>ιιι.</strong></span> <span class='ocrx_word' id='word_1_7' title='bbox 1138 446 1167 498; x_wconf 82' lang='lat' dir='ltr'><strong>tt</strong></span> 
     </span>
     <span class='ocr_line' id='line_1_2' title="bbox 83 515 1171 595; baseline 0.014 -27"><span class='ocrx_word' id='word_1_8' title='bbox 83 518 105 568; x_wconf 91' lang='lat' dir='ltr'><strong>si</strong></span> <span class='ocrx_word' id='word_1_9' title='bbox 128 515 193 580; x_wconf 80' lang='lat' dir='ltr'><strong>quis‘</strong></span> <span class='ocrx_word' id='word_1_10' title='bbox 202 516 323 568; x_wconf 86' lang='lat' dir='ltr'><strong>unitatem</strong></span> <span class='ocrx_word' id='word_1_11' title='bbox 341 519 485 570; x_wconf 75' lang='lat' dir='ltr'><strong>substantie</strong></span> <span class='ocrx_word' id='word_1_12' title='bbox 503 521 615 581; x_wconf 85' lang='lat' dir='ltr'><strong>separet,</strong></span> <span class='ocrx_word' id='word_1_13' title='bbox 640 525 731 574; x_wconf 75' lang='lat' dir='ltr'><strong>remiss</strong></span> <span class='ocrx_word' id='word_1_14' title='bbox 741 526 805 575; x_wconf 83' lang='lat' dir='ltr'><strong>dixit</strong></span> <span class='ocrx_word' id='word_1_15' title='bbox 824 532 935 592; x_wconf 84' lang='lat' dir='ltr'><strong>:scripta</strong></span> <span class='ocrx_word' id='word_1_16' title='bbox 952 531 999 589; x_wconf 85' lang='lat' dir='ltr'><strong>est,</strong></span> <span class='ocrx_word' id='word_1_17' title='bbox 1010 532 1086 592; x_wconf 75' lang='lat' dir='ltr'><strong>iudo,</strong></span> <span class='ocrx_word' id='word_1_18' title='bbox 1103 535 1171 595; x_wconf 81' lang='lat' dir='ltr'><strong>colpe</strong></span> 
     </span>
    </p>
   </div>
   <div class='ocr_carea' id='block_1_2' title="bbox 72 587 1170 2858">
    <p class='ocr_par' dir='ltr' id='par_1_2' title="bbox 72 587 1170 2858">
     <span class='ocr_line' id='line_1_3' title="bbox 79 587 1168 661; baseline 0.014 -26"><span class='ocrx_word' id='word_1_19' title='bbox 79 587 235 649; x_wconf 88' lang='lat' dir='ltr'><strong>multiplicet</strong></span> <span class='ocrx_word' id='word_1_20' title='bbox 257 589 407 649; x_wconf 83' lang='lat' dir='ltr'><strong>potestates3</strong></span> <span class='ocrx_word' id='word_1_21' title='bbox 429 602 487 639; x_wconf 90' lang='lat' dir='ltr'><strong>curn</strong></span> <span class='ocrx_word' id='word_1_22' title='bbox 509 602 564 639; x_wconf 52' lang='lat' dir='ltr'><strong>unu*</strong></span> <span class='ocrx_word' id='word_1_23' title='bbox 583 591 616 639; x_wconf 89' lang='lat' dir='ltr'><strong>sit</strong></span> <span class='ocrx_word' id='word_1_24' title='bbox 640 594 681 641; x_wconf 83' lang='lat' dir='ltr'><strong>tuo</strong></span> <span class='ocrx_word' id='word_1_25' title='bbox 690 593 1168 661; x_wconf 54' lang='lat' dir='ltr'><strong>propltioimcoetuopuemomontiaofl</strong></span> 
     </span>
     <span class='ocr_line' id='line_1_4' title="bbox 78 656 1170 732; baseline 0.014 -27"><span class='ocrx_word' id='word_1_26' title='bbox 78 657 191 717; x_wconf 80' lang='lat' dir='ltr'><strong>ciusdem</strong></span> <span class='ocrx_word' id='word_1_27' title='bbox 202 656 341 707; x_wconf 76' lang='lat' dir='ltr'><strong>diurnitatis</strong></span> <span class='ocrx_word' id='word_1_28' title='bbox 351 659 494 709; x_wconf 68' lang='lat' dir='ltr'><strong>aeternitas!</strong></span> <span class='ocrx_word' id='word_1_29' title='bbox 639 663 671 710; x_wconf 81' lang='lat' dir='ltr'><strong>Et</strong></span> <span class='ocrx_word' id='word_1_30' title='bbox 686 668 772 725; x_wconf 83' lang='lat' dir='ltr'><strong>scripto</strong></span> <span class='ocrx_word' id='word_1_31' title='bbox 787 671 834 727; x_wconf 85' lang='lat' dir='ltr'><strong>est,</strong></span> <span class='ocrx_word' id='word_1_32' title='bbox 847 669 944 730; x_wconf 89' lang='lat' dir='ltr'><strong>inquit,</strong></span> <span class='ocrx_word' id='word_1_33' title='bbox 956 672 982 718; x_wconf 81' lang='lat' dir='ltr'><strong>in</strong></span> <span class='ocrx_word' id='word_1_34' title='bbox 998 673 1091 732; x_wconf 84' lang='lat' dir='ltr'><strong>pectora</strong></span> <span class='ocrx_word' id='word_1_35' title='bbox 1107 675 1128 720; x_wconf 88' lang='lat' dir='ltr'><strong>ct</strong></span> <span class='ocrx_word' id='word_1_36' title='bbox 1144 673 1170 719; x_wconf 78' lang='lat' dir='ltr'><strong>in</strong></span> 
     </span>
     <span class='ocr_line' id='line_1_5' title="bbox 108 726 1170 799; baseline 0.012 -26"><span class='ocrx_word' id='word_1_37' title='bbox 108 726 148 773; x_wconf 73' lang='lat' dir='ltr'><strong>ln.</strong></span> <span class='ocrx_word' id='word_1_38' title='bbox 161 727 312 787; x_wconf 84' lang='lat' dir='ltr'>Plerumque</span> <span class='ocrx_word' id='word_1_39' title='bbox 328 727 396 776; x_wconf 90' lang='lat' dir='ltr'><strong>enlm</strong></span> <span class='ocrx_word' id='word_1_40' title='bbox 410 739 445 775; x_wconf 88' lang='lat' dir='ltr'><strong>ex</strong></span> <span class='ocrx_word' id='word_1_41' title='bbox 457 728 548 777; x_wconf 86' lang='lat' dir='ltr'><strong>nostris</strong></span> <span class='ocrx_word' id='word_1_42' title='bbox 561 739 614 776; x_wconf 85' lang='lat' dir='ltr'><strong>eer-</strong></span> <span class='ocrx_word' id='word_1_43' title='bbox 639 733 765 780; x_wconf 83' lang='lat' dir='ltr'><strong>cordetuo.</strong></span> <span class='ocrx_word' id='word_1_44' title='bbox 777 734 813 781; x_wconf 93' lang='lat' dir='ltr'><strong>lbi</strong></span> <span class='ocrx_word' id='word_1_45' title='bbox 824 735 900 796; x_wconf 69' lang='lat' dir='ltr'><strong>igitur</strong></span> <span class='ocrx_word' id='word_1_46' title='bbox 915 738 988 798; x_wconf 90' lang='lat' dir='ltr'><strong>culpa</strong></span> <span class='ocrx_word' id='word_1_47' title='bbox 1000 738 1050 798; x_wconf 89' lang='lat' dir='ltr'><strong>est,</strong></span> <span class='ocrx_word' id='word_1_48' title='bbox 1061 738 1104 785; x_wconf 91' lang='lat' dir='ltr'><strong>ubi</strong></span> <span class='ocrx_word' id='word_1_49' title='bbox 1115 749 1170 799; x_wconf 74' lang='lat' dir='ltr'><strong>qra-</strong></span> 
     </span>
     <span class='ocr_line' id='line_1_6' title="bbox 77 796 1169 869; baseline 0.013 -28"><span class='ocrx_word' id='word_1_50' title='bbox 77 796 193 843; x_wconf 87' lang='lat' dir='ltr'><strong>monibus</strong></span> <span class='ocrx_word' id='word_1_51' title='bbox 207 807 237 842; x_wconf 87' lang='lat' dir='ltr'><strong>ea</strong></span> <span class='ocrx_word' id='word_1_52' title='bbox 254 808 310 856; x_wconf 81' lang='lat' dir='ltr'><strong>quas</strong></span> <span class='ocrx_word' id='word_1_53' title='bbox 321 807 396 856; x_wconf 79' lang='lat' dir='ltr'><strong>supra</strong></span> <span class='ocrx_word' id='word_1_54' title='bbox 413 809 459 846; x_wconf 88' lang='lat' dir='ltr'><strong>nos</strong></span> <span class='ocrx_word' id='word_1_55' title='bbox 472 801 544 857; x_wconf 88' lang='lat' dir='ltr'><strong>sunt,</strong></span> <span class='ocrx_word' id='word_1_56' title='bbox 554 809 614 845; x_wconf 89' lang='lat' dir='ltr'><strong>con·</strong></span> <span class='ocrx_word' id='word_1_57' title='bbox 639 799 673 847; x_wconf 87' lang='lat' dir='ltr'><strong>tia</strong></span> <span class='ocrx_word' id='word_1_58' title='bbox 683 813 689 846; x_wconf 81' lang='lat' dir='ltr'><strong>r</strong></span> <span class='ocrx_word' id='word_1_59' title='bbox 699 802 743 850; x_wconf 92' lang='lat' dir='ltr'><strong>sed</strong></span> <span class='ocrx_word' id='word_1_60' title='bbox 754 805 825 864; x_wconf 86' lang='lat' dir='ltr'><strong>culpa</strong></span> <span class='ocrx_word' id='word_1_61' title='bbox 836 807 939 866; x_wconf 73' lang='lat' dir='ltr'><strong>graphio</strong></span> <span class='ocrx_word' id='word_1_62' title='bbox 950 807 1080 868; x_wconf 73' lang='lat' dir='ltr'>scribitur,</span> <span class='ocrx_word' id='word_1_63' title='bbox 1091 807 1169 869; x_wconf 72' lang='lat' dir='ltr'><strong>gretia</strong></span> 
     </span>
     <span class='ocr_line' id='line_1_7' title="bbox 77 864 982 933; baseline 0.013 -23"><span class='ocrx_word' id='word_1_64' title='bbox 77 864 149 912; x_wconf 83' lang='lat' dir='ltr'><strong>venit</strong></span> <span class='ocrx_word' id='word_1_65' title='bbox 171 864 289 912; x_wconf 71' lang='lat' dir='ltr'><strong>testimari</strong></span> <span class='ocrx_word' id='word_1_66' title='bbox 309 876 317 911; x_wconf 81' lang='lat' dir='ltr'><strong>r</strong></span> <span class='ocrx_word' id='word_1_67' title='bbox 339 866 371 914; x_wconf 82' lang='lat' dir='ltr'><strong>et·</strong></span> <span class='ocrx_word' id='word_1_68' title='bbox 386 865 445 926; x_wconf 83' lang='lat' dir='ltr'><strong>quin</strong></span> <span class='ocrx_word' id='word_1_69' title='bbox 468 866 511 913; x_wconf 91' lang='lat' dir='ltr'><strong>illa</strong></span> <span class='ocrx_word' id='word_1_70' title='bbox 527 865 614 918; x_wconf 81' lang='lat' dir='ltr'><strong>videre</strong></span> <span class='ocrx_word' id='word_1_71' title='bbox 637 867 732 929; x_wconf 88' lang='lat' dir='ltr'><strong>Spiritu</strong></span> <span class='ocrx_word' id='word_1_72' title='bbox 741 872 893 933; x_wconf 78' lang='lat' dir='ltr'><strong>designatur.</strong></span> <span class='ocrx_word' id='word_1_73' title='bbox 981 869 982 873; x_wconf 70' lang='grc'>’</span> 
     </span>
     <span class='ocr_line' id='line_1_8' title="bbox 75 934 1169 1008; baseline 0.012 -29"><span class='ocrx_word' id='word_1_74' title='bbox 75 944 127 980; x_wconf 88' lang='lat' dir='ltr'><strong>non</strong></span> <span class='ocrx_word' id='word_1_75' title='bbox 141 934 282 994; x_wconf 86' lang='lat' dir='ltr'><strong>possumus,</strong></span> <span class='ocrx_word' id='word_1_76' title='bbox 299 946 332 981; x_wconf 87' lang='lat' dir='ltr'><strong>ex</strong></span> <span class='ocrx_word' id='word_1_77' title='bbox 344 935 384 982; x_wconf 89' lang='lat' dir='ltr'><strong>bis</strong></span> <span class='ocrx_word' id='word_1_78' title='bbox 394 948 448 995; x_wconf 78' lang='lat' dir='ltr'><strong>quas</strong></span> <span class='ocrx_word' id='word_1_79' title='bbox 463 935 613 994; x_wconf 82' lang='lat' dir='ltr'><strong>riderepos·</strong></span> <span class='ocrx_word' id='word_1_80' title='bbox 668 939 707 988; x_wconf 75' lang='lat'><strong>16.</strong></span> <span class='ocrx_word' id='word_1_81' title='bbox 721 941 773 990; x_wconf 87' lang='lat' dir='ltr'><strong>iioc</strong></span> <span class='ocrx_word' id='word_1_82' title='bbox 784 942 861 1003; x_wconf 72' lang='lat' dir='ltr'><strong>digito</strong></span> <span class='ocrx_word' id='word_1_83' title='bbox 875 943 978 1008; x_wconf 82' lang='lat' dir='ltr'><strong>mystice</strong></span> <span class='ocrx_word' id='word_1_84' title='bbox 995 942 1070 992; x_wconf 87' lang='lat' dir='ltr'><strong>etlam</strong></span> <span class='ocrx_word' id='word_1_85' title='bbox 1083 945 1169 992; x_wconf 88' lang='lat' dir='ltr'><strong>Domi-</strong></span> 
     </span>
     <span class='ocr_line' id='line_1_9' title="bbox 77 1001 1169 1074; baseline 0.011 -26"><span class='ocrx_word' id='word_1_86' title='bbox 77 1014 174 1058; x_wconf 79' lang='lat' dir='ltr'><strong>suurus,</strong></span> <span class='ocrx_word' id='word_1_87' title='bbox 199 1001 345 1062; x_wconf 69' lang='lat' dir='ltr'><strong>colligamus</strong></span> <span class='ocrx_word' id='word_1_88' title='bbox 368 1015 376 1049; x_wconf 80' lang='lat' dir='ltr'><strong><em>z</em></strong></span> <span class='ocrx_word' id='word_1_89' title='bbox 400 1005 531 1052; x_wconf 74' lang='lat' dir='ltr'><strong>Invisibilia</strong></span> <span class='ocrx_word' id='word_1_90' title='bbox 550 1005 612 1051; x_wconf 81' lang='lat' dir='ltr'><strong>euim</strong></span> <span class='ocrx_word' id='word_1_91' title='bbox 635 1018 683 1055; x_wconf 91' lang='lat' dir='ltr'><strong>nus</strong></span> <span class='ocrx_word' id='word_1_92' title='bbox 695 1009 781 1070; x_wconf 77' lang='lat' dir='ltr'><strong>lesus,</strong></span> <span class='ocrx_word' id='word_1_93' title='bbox 797 1011 915 1060; x_wconf 88' lang='lat' dir='ltr'><strong>inclinato</strong></span> <span class='ocrx_word' id='word_1_94' title='bbox 933 1013 1029 1074; x_wconf 88' lang='lat' dir='ltr'><strong>capite,</strong></span> <span class='ocrx_word' id='word_1_95' title='bbox 1046 1013 1169 1060; x_wconf 88' lang='lat' dir='ltr'><strong>scribebat</strong></span> 
     </span>
     <span class='ocr_line' id='line_1_10' title="bbox 76 1069 1169 1136; baseline 0.008 -19"><span class='ocrx_word' id='word_1_96' title='bbox 76 1070 141 1129; x_wconf 82' lang='lat' dir='ltr'><strong>eius,</strong></span> <span class='ocrx_word' id='word_1_97' title='bbox 157 1069 192 1118; x_wconf 89' lang='lat' dir='ltr'><strong>ait</strong></span> <span class='ocrx_word' id='word_1_98' title='bbox 209 1070 352 1130; x_wconf 72' lang='lat' dir='ltr'><strong>Apostolus,</strong></span> <span class='ocrx_word' id='word_1_99' title='bbox 372 1085 388 1119; x_wconf 90' lang='lat' dir='ltr'><strong>o</strong></span> <span class='ocrx_word' id='word_1_100' title='bbox 405 1074 515 1119; x_wconf 71' lang='lat' dir='ltr'><strong>creotmo</strong></span> <span class='ocrx_word' id='word_1_101' title='bbox 529 1073 612 1119; x_wconf 82' lang='lat' dir='ltr'><strong>mundi</strong></span> <span class='ocrx_word' id='word_1_102' title='bbox 636 1072 754 1136; x_wconf 89' lang='lat' dir='ltr'><strong>interra,</strong></span> <span class='ocrx_word' id='word_1_103' title='bbox 774 1090 831 1125; x_wconf 90' lang='lat' dir='ltr'><strong>cnm</strong></span> <span class='ocrx_word' id='word_1_104' title='bbox 848 1078 964 1127; x_wconf 81' lang='lat' dir='ltr'><strong>aiudaeis</strong></span> <span class='ocrx_word' id='word_1_105' title='bbox 982 1080 1092 1128; x_wconf 85' lang='lat' dir='ltr'><strong>adultera</strong></span> <span class='ocrx_word' id='word_1_106' title='bbox 1104 1081 1169 1127; x_wconf 86' lang='lat' dir='ltr'><strong>esset</strong></span> 
     </span>
     <span class='ocr_line' id='line_1_11' title="bbox 74 1141 1169 1208; baseline 0.006 -21"><span class='ocrx_word' id='word_1_107' title='bbox 74 1153 119 1200; x_wconf 79' lang='lat' dir='ltr'><strong>per</strong></span> <span class='ocrx_word' id='word_1_108' title='bbox 128 1153 157 1188; x_wconf 84' lang='lat' dir='ltr'><strong>co</strong></span> <span class='ocrx_word' id='word_1_109' title='bbox 167 1152 219 1202; x_wconf 85' lang='lat' dir='ltr'><strong>quoe</strong></span> <span class='ocrx_word' id='word_1_110' title='bbox 229 1141 293 1198; x_wconf 72' lang='lat' dir='ltr'><strong>{octo</strong></span> <span class='ocrx_word' id='word_1_111' title='bbox 309 1143 378 1199; x_wconf 82' lang='lat' dir='ltr'><strong>suot,</strong></span> <span class='ocrx_word' id='word_1_112' title='bbox 394 1141 510 1194; x_wconf 81' lang='lat' dir='ltr'><strong>intellecto</strong></span> <span class='ocrx_word' id='word_1_113' title='bbox 521 1142 612 1201; x_wconf 84' lang='lat' dir='ltr'><strong>conspi-</strong></span> <span class='ocrx_word' id='word_1_114' title='bbox 635 1141 716 1190; x_wconf 81' lang='lat' dir='ltr'><strong>oblata</strong></span> <span class='ocrx_word' id='word_1_115' title='bbox 726 1157 733 1190; x_wconf 75' lang='grc' dir='ltr'><em>τ</em></span> <span class='ocrx_word' id='word_1_116' title='bbox 742 1145 883 1205; x_wconf 77' lang='lat' dir='ltr'><strong>significans</strong></span> <span class='ocrx_word' id='word_1_117' title='bbox 892 1159 938 1206; x_wconf 91' lang='lat' dir='ltr'><strong>per</strong></span> <span class='ocrx_word' id='word_1_118' title='bbox 948 1146 1063 1208; x_wconf 70' lang='lat' dir='ltr'><strong>figuram,</strong></span> <span class='ocrx_word' id='word_1_119' title='bbox 1071 1148 1169 1207; x_wconf 76' lang='lat' dir='ltr'><strong>quando</strong></span> 
     </span>
     <span class='ocr_line' id='line_1_12' title="bbox 75 1207 1168 1274; baseline 0.005 -18"><span class='ocrx_word' id='word_1_120' title='bbox 75 1209 180 1257; x_wconf 66' lang='lat' dir='ltr'><strong>cinctu.</strong></span> <span class='ocrx_word' id='word_1_121' title='bbox 188 1209 217 1256; x_wconf 84' lang='lat' dir='ltr'><strong>ut</strong></span> <span class='ocrx_word' id='word_1_122' title='bbox 228 1207 337 1257; x_wconf 80' lang='lat' dir='ltr'><strong>subdidit</strong></span> <span class='ocrx_word' id='word_1_123' title='bbox 349 1222 355 1254; x_wconf 81' lang='lat' dir='ltr'><strong>r</strong></span> <span class='ocrx_word' id='word_1_124' title='bbox 367 1211 513 1269; x_wconf 83' lang='lat' dir='ltr'><strong>sempiterna</strong></span> <span class='ocrx_word' id='word_1_125' title='bbox 521 1221 611 1269; x_wconf 84' lang='lat' dir='ltr'><strong>qaoque</strong></span> <span class='ocrx_word' id='word_1_126' title='bbox 635 1208 666 1257; x_wconf 90' lang='lat' dir='ltr'><strong>de</strong></span> <span class='ocrx_word' id='word_1_127' title='bbox 682 1213 789 1271; x_wconf 83' lang='lat' dir='ltr'><strong>peccatis</strong></span> <span class='ocrx_word' id='word_1_128' title='bbox 806 1215 908 1263; x_wconf 86' lang='lat' dir='ltr'><strong>alterius</strong></span> <span class='ocrx_word' id='word_1_129' title='bbox 925 1215 1078 1274; x_wconf 78' lang='lat' dir='ltr'><strong>iudicamus,</strong></span> <span class='ocrx_word' id='word_1_130' title='bbox 1088 1215 1168 1264; x_wconf 87' lang='lat' dir='ltr'><strong>nostri</strong></span> 
     </span>
     <span class='ocr_line' id='line_1_13' title="bbox 75 1278 1047 1342; baseline 0.006 -17"><span class='ocrx_word' id='word_1_131' title='bbox 75 1279 153 1327; x_wconf 82' lang='lat' dir='ltr'><strong>uirtus</strong></span> <span class='ocrx_word' id='word_1_132' title='bbox 170 1278 220 1339; x_wconf 69' lang='lat' dir='ltr'><strong>eius</strong></span> <span class='ocrx_word' id='word_1_133' title='bbox 241 1282 262 1327; x_wconf 87' lang='lat' dir='ltr'><strong>et</strong></span> <span class='ocrx_word' id='word_1_134' title='bbox 277 1279 392 1328; x_wconf 76' lang='lat' dir='ltr'><strong>divinitas.</strong></span> <span class='ocrx_word' id='word_1_135' title='bbox 413 1280 523 1338; x_wconf 81' lang='lat' dir='ltr'><strong>Quomm</strong></span> <span class='ocrx_word' id='word_1_136' title='bbox 542 1279 610 1328; x_wconf 90' lang='lat' dir='ltr'><strong>aliud</strong></span> <span class='ocrx_word' id='word_1_137' title='bbox 633 1290 677 1327; x_wconf 89' lang='lat' dir='ltr'><strong>nos</strong></span> <span class='ocrx_word' id='word_1_138' title='bbox 687 1281 778 1330; x_wconf 87' lang='lat' dir='ltr'><strong>debere</strong></span> <span class='ocrx_word' id='word_1_139' title='bbox 790 1283 930 1331; x_wconf 78' lang='lat' dir='ltr'>meminisse</span> <span class='ocrx_word' id='word_1_140' title='bbox 941 1284 1047 1342; x_wconf 80' lang='lat' dir='ltr'><strong>peccati.</strong></span> 
     </span>
     <span class='ocr_line' id='line_1_14' title="bbox 75 1345 1169 1413; baseline 0.006 -19"><span class='ocrx_word' id='word_1_141' title='bbox 75 1346 109 1394; x_wconf 92' lang='lat' dir='ltr'><strong>de</strong></span> <span class='ocrx_word' id='word_1_142' title='bbox 124 1345 200 1406; x_wconf 78' lang='lat' dir='ltr'><strong>Silio,</strong></span> <span class='ocrx_word' id='word_1_143' title='bbox 211 1346 279 1395; x_wconf 88' lang='lat' dir='ltr'><strong>aliud</strong></span> <span class='ocrx_word' id='word_1_144' title='bbox 296 1346 327 1395; x_wconf 88' lang='lat' dir='ltr'><strong>de</strong></span> <span class='ocrx_word' id='word_1_145' title='bbox 345 1347 439 1407; x_wconf 85' lang='lat' dir='ltr'>Spiritu</span> <span class='ocrx_word' id='word_1_146' title='bbox 454 1348 539 1396; x_wconf 85' lang='lat' dir='ltr'><strong>sancto</strong></span> <span class='ocrx_word' id='word_1_147' title='bbox 557 1347 610 1395; x_wconf 88' lang='lat' dir='ltr'><strong>dic-</strong></span> <span class='ocrx_word' id='word_1_148' title='bbox 664 1349 704 1396; x_wconf 83' lang='lat' dir='ltr'><strong>li.</strong></span> <span class='ocrx_word' id='word_1_149' title='bbox 715 1350 749 1396; x_wconf 78' lang='lat' dir='ltr'><strong>Ac</strong></span> <span class='ocrx_word' id='word_1_150' title='bbox 767 1363 799 1398; x_wconf 90' lang='lat' dir='ltr'><strong>ne</strong></span> <span class='ocrx_word' id='word_1_151' title='bbox 817 1365 901 1400; x_wconf 87' lang='lat' dir='ltr'><strong>rursus</strong></span> <span class='ocrx_word' id='word_1_152' title='bbox 919 1353 977 1412; x_wconf 85' lang='lat' dir='ltr'><strong>quia</strong></span> <span class='ocrx_word' id='word_1_153' title='bbox 995 1354 1084 1413; x_wconf 69' lang='lat' dir='ltr'><strong>Legem</strong></span> <span class='ocrx_word' id='word_1_154' title='bbox 1101 1354 1169 1401; x_wconf 82' lang='lat' dir='ltr'><strong>Deus</strong></span> 
     </span>
     <span class='ocr_line' id='line_1_15' title="bbox 75 1415 1168 1480; baseline 0.004 -17"><span class='ocrx_word' id='word_1_155' title='bbox 75 1417 130 1463; x_wconf 90' lang='lat' dir='ltr'><strong>tum</strong></span> <span class='ocrx_word' id='word_1_156' title='bbox 143 1417 257 1478; x_wconf 57' lang='lat' dir='ltr'><strong>videtum</strong></span> <span class='ocrx_word' id='word_1_157' title='bbox 281 1418 309 1464; x_wconf 93' lang='lat' dir='ltr'><strong>ut</strong></span> <span class='ocrx_word' id='word_1_158' title='bbox 323 1417 530 1477; x_wconf 79' lang='lat' dir='ltr'><strong>quemadmodum</strong></span> <span class='ocrx_word' id='word_1_159' title='bbox 545 1431 609 1466; x_wconf 90' lang='lat' dir='ltr'><strong>sem·</strong></span> <span class='ocrx_word' id='word_1_160' title='bbox 633 1415 728 1476; x_wconf 78' lang='lat' dir='ltr'><strong>Spiritu</strong></span> <span class='ocrx_word' id='word_1_161' title='bbox 751 1431 794 1466; x_wconf 90' lang='lat' dir='ltr'><strong>suo</strong></span> <span class='ocrx_word' id='word_1_162' title='bbox 813 1420 926 1480; x_wconf 81' lang='lat' dir='ltr'><strong>scripsit,</strong></span> <span class='ocrx_word' id='word_1_163' title='bbox 945 1419 1051 1468; x_wconf 85' lang='lat' dir='ltr'><strong>interius</strong></span> <span class='ocrx_word' id='word_1_164' title='bbox 1073 1420 1168 1480; x_wconf 80' lang='lat' dir='ltr'><strong>aliquid</strong></span> 
     </span>
     <span class='ocr_line' id='line_1_16' title="bbox 75 1485 1167 1548; baseline 0.002 -15"><span class='ocrx_word' id='word_1_165' title='bbox 75 1487 174 1548; x_wconf 83' lang='lat' dir='ltr'><strong>pitema</strong></span> <span class='ocrx_word' id='word_1_166' title='bbox 184 1488 265 1535; x_wconf 78' lang='lat' dir='ltr'><strong>uirtus</strong></span> <span class='ocrx_word' id='word_1_167' title='bbox 274 1489 352 1535; x_wconf 84' lang='lat' dir='ltr'><strong>Patris</strong></span> <span class='ocrx_word' id='word_1_168' title='bbox 362 1488 455 1535; x_wconf 83' lang='lat' dir='ltr'><strong>dicitur</strong></span> <span class='ocrx_word' id='word_1_169' title='bbox 465 1487 557 1548; x_wconf 78' lang='lat' dir='ltr'><strong>Filius,</strong></span> <span class='ocrx_word' id='word_1_170' title='bbox 574 1489 609 1536; x_wconf 89' lang='lat' dir='ltr'><strong>ita</strong></span> <span class='ocrx_word' id='word_1_171' title='bbox 633 1485 758 1545; x_wconf 79' lang='lat' dir='ltr'><strong>tamquam</strong></span> <span class='ocrx_word' id='word_1_172' title='bbox 770 1486 801 1536; x_wconf 87' lang='lat' dir='ltr'><strong>de</strong></span> <span class='ocrx_word' id='word_1_173' title='bbox 811 1488 950 1537; x_wconf 88' lang='lat' dir='ltr'><strong>ministerio</strong></span> <span class='ocrx_word' id='word_1_174' title='bbox 961 1489 1069 1548; x_wconf 80' lang='lat' dir='ltr'><strong>Spiritus</strong></span> <span class='ocrx_word' id='word_1_175' title='bbox 1080 1488 1167 1535; x_wconf 88' lang='lat' dir='ltr'><strong>crede·</strong></span> 
     </span>
     <span class='ocr_line' id='line_1_17' title="bbox 76 1554 1168 1618; baseline 0.001 -16"><span class='ocrx_word' id='word_1_176' title='bbox 76 1554 153 1602; x_wconf 84' lang='lat' dir='ltr'><strong>ctiam</strong></span> <span class='ocrx_word' id='word_1_177' title='bbox 168 1555 275 1615; x_wconf 87' lang='lat' dir='ltr'><strong>Spiritus</strong></span> <span class='ocrx_word' id='word_1_178' title='bbox 285 1556 344 1616; x_wconf 88' lang='lat' dir='ltr'><strong>quia</strong></span> <span class='ocrx_word' id='word_1_179' title='bbox 360 1555 462 1604; x_wconf 80' lang='lat' dir='ltr'><strong>diuinus</strong></span> <span class='ocrx_word' id='word_1_180' title='bbox 480 1557 533 1615; x_wconf 88' lang='lat' dir='ltr'><strong>est,</strong></span> <span class='ocrx_word' id='word_1_181' title='bbox 543 1569 609 1604; x_wconf 87' lang='lat' dir='ltr'><strong>sem·</strong></span> <span class='ocrx_word' id='word_1_182' title='bbox 633 1567 730 1615; x_wconf 87' lang='lat' dir='ltr'><strong>remus,</strong></span> <span class='ocrx_word' id='word_1_183' title='bbox 741 1557 783 1604; x_wconf 85' lang='lat' dir='ltr'><strong>vel</strong></span> <span class='ocrx_word' id='word_1_184' title='bbox 802 1569 834 1604; x_wconf 89' lang='lat' dir='ltr'><strong>cx</strong></span> <span class='ocrx_word' id='word_1_185' title='bbox 845 1558 953 1618; x_wconf 89' lang='lat' dir='ltr'><strong>corporis</strong></span> <span class='ocrx_word' id='word_1_186' title='bbox 963 1557 1040 1605; x_wconf 86' lang='lat' dir='ltr'><strong>nostri</strong></span> <span class='ocrx_word' id='word_1_187' title='bbox 1059 1557 1168 1605; x_wconf 72' lang='lat' dir='ltr'><strong>aestima·</strong></span> 
     </span>
     <span class='ocr_line' id='line_1_18' title="bbox 75 1624 1167 1687; baseline 0.002 -16"><span class='ocrx_word' id='word_1_188' title='bbox 75 1624 173 1683; x_wconf 87' lang='lat' dir='ltr'><strong>piterua</strong></span> <span class='ocrx_word' id='word_1_189' title='bbox 183 1625 300 1686; x_wconf 85' lang='lat' dir='ltr'><strong>divinitas</strong></span> <span class='ocrx_word' id='word_1_190' title='bbox 311 1637 364 1674; x_wconf 88' lang='lat' dir='ltr'><strong>esse</strong></span> <span class='ocrx_word' id='word_1_191' title='bbox 375 1626 500 1674; x_wconf 83' lang='lat' dir='ltr'><strong>credatur.</strong></span> <span class='ocrx_word' id='word_1_192' title='bbox 511 1628 572 1675; x_wconf 86' lang='lat' dir='ltr'><strong>liam</strong></span> <span class='ocrx_word' id='word_1_193' title='bbox 582 1628 608 1675; x_wconf 89' lang='lat' dir='ltr'><strong>et</strong></span> <span class='ocrx_word' id='word_1_194' title='bbox 633 1624 700 1672; x_wconf 81' lang='lat' dir='ltr'><strong>tione</strong></span> <span class='ocrx_word' id='word_1_195' title='bbox 726 1626 865 1685; x_wconf 88' lang='lat' dir='ltr'><strong>portionem</strong></span> <span class='ocrx_word' id='word_1_196' title='bbox 890 1626 1022 1686; x_wconf 85' lang='lat' dir='ltr'><strong>quamdam</strong></span> <span class='ocrx_word' id='word_1_197' title='bbox 1049 1627 1167 1687; x_wconf 66' lang='lat' dir='ltr'><strong>exiguam</strong></span> 
     </span>
     <span class='ocr_line' id='line_1_19' title="bbox 75 1692 1167 1756; baseline 0.002 -16"><span class='ocrx_word' id='word_1_198' title='bbox 75 1694 153 1742; x_wconf 74' lang='lat' dir='ltr'><strong>iilius</strong></span> <span class='ocrx_word' id='word_1_199' title='bbox 168 1695 226 1756; x_wconf 84' lang='lat' dir='ltr'><strong>quia</strong></span> <span class='ocrx_word' id='word_1_200' title='bbox 244 1708 342 1756; x_wconf 79' lang='lat' dir='ltr'><strong>semper</strong></span> <span class='ocrx_word' id='word_1_201' title='bbox 353 1694 431 1754; x_wconf 82' lang='lat' dir='ltr'><strong>vivit,</strong></span> <span class='ocrx_word' id='word_1_202' title='bbox 445 1695 499 1743; x_wconf 79' lang='lat' dir='ltr'><strong>sita</strong></span> <span class='ocrx_word' id='word_1_203' title='bbox 516 1697 609 1756; x_wconf 88' lang='lat' dir='ltr'><strong>sempi-</strong></span> <span class='ocrx_word' id='word_1_204' title='bbox 633 1692 680 1739; x_wconf 87' lang='lat' dir='ltr'><strong>Dei</strong></span> <span class='ocrx_word' id='word_1_205' title='bbox 689 1693 807 1752; x_wconf 89' lang='lat' dir='ltr'><strong>Spiritum</strong></span> <span class='ocrx_word' id='word_1_206' title='bbox 821 1695 977 1755; x_wconf 89' lang='lat' dir='ltr'><strong>putaremus,</strong></span> <span class='ocrx_word' id='word_1_207' title='bbox 986 1695 1089 1742; x_wconf 85' lang='lat' dir='ltr'><strong>aitalibi</strong></span> <span class='ocrx_word' id='word_1_208' title='bbox 1104 1696 1167 1754; x_wconf 78' lang='lat' dir='ltr'><strong>Apo·</strong></span> 
     </span>
     <span class='ocr_line' id='line_1_20' title="bbox 73 1763 1166 1823; baseline 0.004 -15"><span class='ocrx_word' id='word_1_209' title='bbox 73 1763 148 1809; x_wconf 86' lang='lat' dir='ltr'><strong>terna</strong></span> <span class='ocrx_word' id='word_1_210' title='bbox 159 1763 204 1810; x_wconf 92' lang='lat' dir='ltr'><strong>est.</strong></span> <span class='ocrx_word' id='word_1_211' title='bbox 220 1763 266 1810; x_wconf 84' lang='lat' dir='ltr'><strong>liic</strong></span> <span class='ocrx_word' id='word_1_212' title='bbox 277 1775 335 1823; x_wconf 75' lang='lat' dir='ltr'><strong>ergo</strong></span> <span class='ocrx_word' id='word_1_213' title='bbox 346 1763 437 1823; x_wconf 71' lang='lat' dir='ltr'><strong>digitus</strong></span> <span class='ocrx_word' id='word_1_214' title='bbox 448 1763 494 1810; x_wconf 83' lang='lat' dir='ltr'><strong>bei</strong></span> <span class='ocrx_word' id='word_1_215' title='bbox 506 1764 532 1810; x_wconf 91' lang='lat' dir='ltr'><strong>et</strong></span> <span class='ocrx_word' id='word_1_216' title='bbox 543 1776 609 1810; x_wconf 88' lang='lat' dir='ltr'><strong>sem·</strong></span> <span class='ocrx_word' id='word_1_217' title='bbox 632 1763 708 1810; x_wconf 88' lang='lat' dir='ltr'><strong>stolus</strong></span> <span class='ocrx_word' id='word_1_218' title='bbox 718 1777 767 1811; x_wconf 92' lang='lat' dir='ltr'><strong>non</strong></span> <span class='ocrx_word' id='word_1_219' title='bbox 783 1778 809 1811; x_wconf 94' lang='lat' dir='ltr'><strong>se</strong></span> <span class='ocrx_word' id='word_1_220' title='bbox 821 1765 935 1812; x_wconf 79' lang='lat' dir='ltr'><strong>bumanae</strong></span> <span class='ocrx_word' id='word_1_221' title='bbox 952 1765 1065 1814; x_wconf 74' lang='lat' dir='ltr'><strong>scientim</strong></span> <span class='ocrx_word' id='word_1_222' title='bbox 1083 1765 1166 1813; x_wconf 83' lang='lat' dir='ltr'><strong>verbis</strong></span> 
     </span>
     <span class='ocr_line' id='line_1_21' title="bbox 74 1829 1170 1894; baseline 0.002 -18"><span class='ocrx_word' id='word_1_223' title='bbox 74 1830 188 1890; x_wconf 89' lang='lat' dir='ltr'><strong>pitemus</strong></span> <span class='ocrx_word' id='word_1_224' title='bbox 198 1831 249 1890; x_wconf 86' lang='lat' dir='ltr'><strong>est,</strong></span> <span class='ocrx_word' id='word_1_225' title='bbox 258 1832 284 1879; x_wconf 88' lang='lat' dir='ltr'><strong>et</strong></span> <span class='ocrx_word' id='word_1_226' title='bbox 293 1830 402 1879; x_wconf 69' lang='lat' dir='ltr'><strong>divium</strong></span> <span class='ocrx_word' id='word_1_227' title='bbox 410 1830 475 1890; x_wconf 83' lang='lat' dir='ltr'><strong>Quid</strong></span> <span class='ocrx_word' id='word_1_228' title='bbox 486 1831 553 1878; x_wconf 90' lang='lat' dir='ltr'><strong>enim</strong></span> <span class='ocrx_word' id='word_1_229' title='bbox 561 1831 608 1879; x_wconf 82' lang='lat' dir='ltr'><strong>liei</strong></span> <span class='ocrx_word' id='word_1_230' title='bbox 632 1829 714 1892; x_wconf 88' lang='lat' dir='ltr'><strong>loqui,</strong></span> <span class='ocrx_word' id='word_1_231' title='bbox 725 1832 769 1880; x_wconf 90' lang='lat' dir='ltr'><strong>sed</strong></span> <span class='ocrx_word' id='word_1_232' title='bbox 782 1833 861 1880; x_wconf 91' lang='lat' dir='ltr'><strong>doctis</strong></span> <span class='ocrx_word' id='word_1_233' title='bbox 873 1833 995 1894; x_wconf 86' lang='lat' dir='ltr'><strong>Spiritus,</strong></span> <span class='ocrx_word' id='word_1_234' title='bbox 1007 1835 1033 1881; x_wconf 88' lang='lat' dir='ltr'><strong>et</strong></span> <span class='ocrx_word' id='word_1_235' title='bbox 1047 1833 1170 1894; x_wconf 66' lang='lat' dir='ltr'><strong>spiritus.</strong></span> 
     </span>
     <span class='ocr_line' id='line_1_22' title="bbox 74 1898 1166 1961; baseline 0.002 -15"><span class='ocrx_word' id='word_1_236' title='bbox 74 1899 348 1961; x_wconf 88' lang='lat' dir='ltr'><strong>proprium,quodnon</strong></span> <span class='ocrx_word' id='word_1_237' title='bbox 356 1898 534 1960; x_wconf 85' lang='lat' dir='ltr'><strong>sempiternum</strong></span> <span class='ocrx_word' id='word_1_238' title='bbox 541 1900 575 1948; x_wconf 89' lang='lat' dir='ltr'><strong>sit</strong></span> <span class='ocrx_word' id='word_1_239' title='bbox 583 1902 609 1949; x_wconf 89' lang='lat' dir='ltr'><strong>ct</strong></span> <span class='ocrx_word' id='word_1_240' title='bbox 632 1898 698 1948; x_wconf 90' lang='lat' dir='ltr'><strong>libus</strong></span> <span class='ocrx_word' id='word_1_241' title='bbox 715 1901 836 1960; x_wconf 83' lang='lat' dir='ltr'><strong>spiritalia</strong></span> <span class='ocrx_word' id='word_1_242' title='bbox 854 1913 996 1961; x_wconf 89' lang='lat' dir='ltr'><strong>comparare</strong></span> <span class='ocrx_word' id='word_1_243' title='bbox 1013 1903 1166 1949; x_wconf 78' lang='lat' dir='ltr'><strong>ranimalem</strong></span> 
     </span>
     <span class='ocr_line' id='line_1_23' title="bbox 73 1967 1167 2028; baseline 0 -11"><span class='ocrx_word' id='word_1_244' title='bbox 73 1969 208 2019; x_wconf 70' lang='lat' dir='ltr'><strong>divinum!</strong></span> <span class='ocrx_word' id='word_1_245' title='bbox 633 1967 1036 2028; x_wconf 81' lang='lat' dir='ltr'><strong>autembominemnonpercipere</strong></span> <span class='ocrx_word' id='word_1_246' title='bbox 1045 1971 1167 2028; x_wconf 75' lang='lat' dir='ltr'><strong>quaesunt</strong></span> 
     </span>
     <span class='ocr_line' id='line_1_24' title="bbox 106 2035 1166 2100; baseline 0.001 -16"><span class='ocrx_word' id='word_1_247' title='bbox 106 2038 146 2087; x_wconf 78' lang='lat' dir='ltr'><strong>it.</strong></span> <span class='ocrx_word' id='word_1_248' title='bbox 159 2040 209 2088; x_wconf 91' lang='lat' dir='ltr'><strong>lloc</strong></span> <span class='ocrx_word' id='word_1_249' title='bbox 221 2039 312 2100; x_wconf 72' lang='lat' dir='ltr'><strong>dicito,</strong></span> <span class='ocrx_word' id='word_1_250' title='bbox 323 2039 388 2088; x_wconf 90' lang='lat' dir='ltr'><strong>sicut</strong></span> <span class='ocrx_word' id='word_1_251' title='bbox 398 2038 517 2099; x_wconf 71' lang='lat' dir='ltr'><strong>legimus,</strong></span> <span class='ocrx_word' id='word_1_252' title='bbox 536 2038 609 2088; x_wconf 86' lang='lat' dir='ltr'><strong>tabu·</strong></span> <span class='ocrx_word' id='word_1_253' title='bbox 632 2035 739 2095; x_wconf 85' lang='lat' dir='ltr'><strong>Spiritus</strong></span> <span class='ocrx_word' id='word_1_254' title='bbox 749 2039 810 2097; x_wconf 75' lang='lat' dir='ltr'><strong>Dei,</strong></span> <span class='ocrx_word' id='word_1_255' title='bbox 822 2038 915 2086; x_wconf 88' lang='lat' dir='ltr'><strong>sciebat</strong></span> <span class='ocrx_word' id='word_1_256' title='bbox 926 2039 993 2085; x_wconf 90' lang='lat' dir='ltr'><strong>enim</strong></span> <span class='ocrx_word' id='word_1_257' title='bbox 1003 2038 1068 2097; x_wconf 92' lang='lat' dir='ltr'><strong>qnod</strong></span> <span class='ocrx_word' id='word_1_258' title='bbox 1079 2039 1113 2098; x_wconf 90' lang='lat' dir='ltr'><strong>is,</strong></span> <span class='ocrx_word' id='word_1_259' title='bbox 1122 2037 1166 2097; x_wconf 92' lang='lat' dir='ltr'><strong>qul</strong></span> 
     </span>
     <span class='ocr_line' id='line_1_25' title="bbox 73 2105 1166 2169; baseline -0.001 -14"><span class='ocrx_word' id='word_1_260' title='bbox 73 2108 112 2156; x_wconf 85' lang='lat' dir='ltr'><strong>lus</strong></span> <span class='ocrx_word' id='word_1_261' title='bbox 123 2108 178 2155; x_wconf 84' lang='lat' dir='ltr'><strong>illas</strong></span> <span class='ocrx_word' id='word_1_262' title='bbox 188 2109 299 2169; x_wconf 84' lang='lat' dir='ltr'><strong>lapideas</strong></span> <span class='ocrx_word' id='word_1_263' title='bbox 315 2110 380 2156; x_wconf 85' lang='lat' dir='ltr'><strong>Deus</strong></span> <span class='ocrx_word' id='word_1_264' title='bbox 391 2107 530 2168; x_wconf 84' lang='lat' dir='ltr'><strong>inscripsit,</strong></span> <span class='ocrx_word' id='word_1_265' title='bbox 547 2121 608 2169; x_wconf 88' lang='lat' dir='ltr'><strong>quas</strong></span> <span class='ocrx_word' id='word_1_266' title='bbox 632 2105 719 2153; x_wconf 85' lang='lat' dir='ltr'><strong>diviua</strong></span> <span class='ocrx_word' id='word_1_267' title='bbox 744 2107 883 2155; x_wconf 88' lang='lat' dir='ltr'><strong>carnalibus</strong></span> <span class='ocrx_word' id='word_1_268' title='bbox 910 2110 1077 2168; x_wconf 87' lang='lat' dir='ltr'><strong>compararet,</strong></span> <span class='ocrx_word' id='word_1_269' title='bbox 1098 2107 1166 2154; x_wconf 88' lang='lat' dir='ltr'><strong>inter</strong></span> 
     </span>
     <span class='ocr_line' id='line_1_26' title="bbox 73 2175 1166 2239; baseline -0.002 -14"><span class='ocrx_word' id='word_1_270' title='bbox 73 2179 169 2238; x_wconf 78' lang='lat' dir='ltr'><strong>bloyses</strong></span> <span class='ocrx_word' id='word_1_271' title='bbox 177 2178 281 2239; x_wconf 89' lang='lat' dir='ltr'><strong>accepit.</strong></span> <span class='ocrx_word' id='word_1_272' title='bbox 290 2179 342 2227; x_wconf 86' lang='lat' dir='ltr'><strong>Nou</strong></span> <span class='ocrx_word' id='word_1_273' title='bbox 350 2177 417 2225; x_wconf 89' lang='lat' dir='ltr'><strong>enim</strong></span> <span class='ocrx_word' id='word_1_274' title='bbox 428 2177 520 2224; x_wconf 83' lang='lat' dir='ltr'><strong>camuli</strong></span> <span class='ocrx_word' id='word_1_275' title='bbox 530 2177 608 2237; x_wconf 70' lang='lat' dir='ltr'><strong>digito</strong></span> <span class='ocrx_word' id='word_1_276' title='bbox 632 2175 749 2222; x_wconf 80' lang='lat' dir='ltr'><strong>animalia</strong></span> <span class='ocrx_word' id='word_1_277' title='bbox 761 2177 839 2235; x_wconf 90' lang='lat' dir='ltr'><strong>esset,</strong></span> <span class='ocrx_word' id='word_1_278' title='bbox 851 2189 900 2224; x_wconf 89' lang='lat' dir='ltr'><strong>non</strong></span> <span class='ocrx_word' id='word_1_279' title='bbox 910 2177 975 2224; x_wconf 89' lang='lat' dir='ltr'><strong>luter</strong></span> <span class='ocrx_word' id='word_1_280' title='bbox 987 2176 1112 2237; x_wconf 84' lang='lat' dir='ltr'><strong>spiritales</strong></span> <span class='ocrx_word' id='word_1_281' title='bbox 1122 2176 1166 2223; x_wconf 91' lang='lat' dir='ltr'><strong>bo·</strong></span> 
     </span>
     <span class='ocr_line' id='line_1_27' title="bbox 73 2243 1167 2308; baseline -0.003 -14"><span class='ocrx_word' id='word_1_282' title='bbox 73 2245 141 2294; x_wconf 83' lang='lat' dir='ltr'><strong>Deus</strong></span> <span class='ocrx_word' id='word_1_283' title='bbox 152 2247 240 2296; x_wconf 85' lang='lat' dir='ltr'><strong>barum</strong></span> <span class='ocrx_word' id='word_1_284' title='bbox 254 2247 409 2306; x_wconf 83' lang='lat' dir='ltr'><strong>litterarum,</strong></span> <span class='ocrx_word' id='word_1_285' title='bbox 419 2259 480 2306; x_wconf 89' lang='lat' dir='ltr'><strong>quas</strong></span> <span class='ocrx_word' id='word_1_286' title='bbox 490 2246 606 2308; x_wconf 69' lang='lat' dir='ltr'><strong>legimus,</strong></span> <span class='ocrx_word' id='word_1_287' title='bbox 632 2243 711 2292; x_wconf 88' lang='lat' dir='ltr'><strong>mines</strong></span> <span class='ocrx_word' id='word_1_288' title='bbox 719 2245 897 2305; x_wconf 84' lang='lat' dir='ltr'><strong>computandus</strong></span> <span class='ocrx_word' id='word_1_289' title='bbox 906 2259 912 2291; x_wconf 92' lang='lat'><strong>:</strong></span> <span class='ocrx_word' id='word_1_290' title='bbox 922 2246 1025 2294; x_wconf 79' lang='lat' dir='ltr'><strong>Stultitia</strong></span> <span class='ocrx_word' id='word_1_291' title='bbox 1033 2247 1112 2302; x_wconf 80' lang='lat' dir='ltr'><strong>enim,</strong></span> <span class='ocrx_word' id='word_1_292' title='bbox 1126 2245 1167 2292; x_wconf 89' lang='lat' dir='ltr'><strong>ln·</strong></span> 
     </span>
     <span class='ocr_line' id='line_1_28' title="bbox 74 2311 1166 2377; baseline -0.001 -14"><span class='ocrx_word' id='word_1_293' title='bbox 74 2316 159 2377; x_wconf 87' lang='lat' dir='ltr'><strong>apices</strong></span> <span class='ocrx_word' id='word_1_294' title='bbox 174 2317 201 2364; x_wconf 90' lang='lat' dir='ltr'><strong>et</strong></span> <span class='ocrx_word' id='word_1_295' title='bbox 217 2318 340 2366; x_wconf 88' lang='lat' dir='ltr'><strong>elementa</strong></span> <span class='ocrx_word' id='word_1_296' title='bbox 355 2315 470 2364; x_wconf 76' lang='lat' dir='ltr'><strong>formarit</strong></span> <span class='ocrx_word' id='word_1_297' title='bbox 480 2328 487 2360; x_wconf 75' lang='lat' dir='ltr'><strong>c</strong></span> <span class='ocrx_word' id='word_1_298' title='bbox 499 2314 543 2363; x_wconf 89' lang='lat' dir='ltr'><strong>sed</strong></span> <span class='ocrx_word' id='word_1_299' title='bbox 553 2314 608 2375; x_wconf 92' lang='lat' dir='ltr'><strong>Spi-</strong></span> <span class='ocrx_word' id='word_1_300' title='bbox 631 2313 700 2374; x_wconf 89' lang='lat' dir='ltr'><strong>quit,</strong></span> <span class='ocrx_word' id='word_1_301' title='bbox 716 2315 752 2362; x_wconf 86' lang='lat' dir='ltr'><strong>illi</strong></span> <span class='ocrx_word' id='word_1_302' title='bbox 769 2316 810 2362; x_wconf 85' lang='lat' dir='ltr'><strong>cst.</strong></span> <span class='ocrx_word' id='word_1_303' title='bbox 827 2313 857 2361; x_wconf 89' lang='lat' dir='ltr'><strong>Et</strong></span> <span class='ocrx_word' id='word_1_304' title='bbox 875 2311 932 2361; x_wconf 89' lang='lat' dir='ltr'><strong>ideo</strong></span> <span class='ocrx_word' id='word_1_305' title='bbox 950 2313 1009 2372; x_wconf 82' lang='lat' dir='ltr'><strong>quic</strong></span> <span class='ocrx_word' id='word_1_306' title='bbox 1028 2313 1103 2361; x_wconf 90' lang='lat' dir='ltr'><strong>sciret</strong></span> <span class='ocrx_word' id='word_1_307' title='bbox 1121 2313 1166 2362; x_wconf 83' lang='lat' dir='ltr'><strong>bas</strong></span> 
     </span>
     <span class='ocr_line' id='line_1_29' title="bbox 73 2379 1165 2447; baseline -0.002 -15"><span class='ocrx_word' id='word_1_308' title='bbox 73 2386 127 2433; x_wconf 86' lang='lat' dir='ltr'><strong>ritu</strong></span> <span class='ocrx_word' id='word_1_309' title='bbox 137 2398 181 2433; x_wconf 91' lang='lat' dir='ltr'><strong>suo</strong></span> <span class='ocrx_word' id='word_1_310' title='bbox 188 2385 257 2434; x_wconf 84' lang='lat' dir='ltr'><strong>dedit</strong></span> <span class='ocrx_word' id='word_1_311' title='bbox 267 2386 365 2447; x_wconf 77' lang='lat' dir='ltr'><strong>Legem.</strong></span> <span class='ocrx_word' id='word_1_312' title='bbox 376 2385 405 2432; x_wconf 87' lang='lat' dir='ltr'><strong>Et</strong></span> <span class='ocrx_word' id='word_1_313' title='bbox 416 2384 472 2432; x_wconf 87' lang='lat' dir='ltr'><strong>ideo</strong></span> <span class='ocrx_word' id='word_1_314' title='bbox 479 2384 608 2444; x_wconf 78' lang='lat' dir='ltr'><strong>Apostolus</strong></span> <span class='ocrx_word' id='word_1_315' title='bbox 632 2381 727 2430; x_wconf 82' lang='lat' dir='ltr'><strong>futures</strong></span> <span class='ocrx_word' id='word_1_316' title='bbox 735 2395 788 2431; x_wconf 87' lang='lat' dir='ltr'><strong>esse</strong></span> <span class='ocrx_word' id='word_1_317' title='bbox 798 2382 943 2430; x_wconf 79' lang='lat' dir='ltr'><strong>animalIum</strong></span> <span class='ocrx_word' id='word_1_318' title='bbox 952 2381 1080 2429; x_wconf 88' lang='lat' dir='ltr'><strong>bominum</strong></span> <span class='ocrx_word' id='word_1_319' title='bbox 1088 2379 1165 2443; x_wconf 83' lang='lat' dir='ltr'><strong>quaes·</strong></span> 
     </span>
     <span class='ocr_line' id='line_1_30' title="bbox 73 2451 1166 2516; baseline -0.002 -14"><span class='ocrx_word' id='word_1_320' title='bbox 73 2453 518 2516; x_wconf 75' lang='lat' dir='ltr'><strong>dixit:1.cccrtimspiritolisest,qnoe</strong></span> <span class='ocrx_word' id='word_1_321' title='bbox 528 2455 608 2513; x_wconf 82' lang='lat' dir='ltr'><strong>utique</strong></span> <span class='ocrx_word' id='word_1_322' title='bbox 631 2452 726 2512; x_wconf 89' lang='lat' dir='ltr'><strong>tiones,</strong></span> <span class='ocrx_word' id='word_1_323' title='bbox 736 2463 859 2512; x_wconf 74' lang='lat' dir='ltr'><strong>praesagus</strong></span> <span class='ocrx_word' id='word_1_324' title='bbox 875 2451 953 2500; x_wconf 87' lang='lat' dir='ltr'><strong>iuturi</strong></span> <span class='ocrx_word' id='word_1_325' title='bbox 965 2452 1000 2500; x_wconf 85' lang='lat' dir='ltr'><strong>ait</strong></span> <span class='ocrx_word' id='word_1_326' title='bbox 1016 2465 1023 2498; x_wconf 77' lang='lat' dir='ltr'><strong>r</strong></span> <span class='ocrx_word' id='word_1_327' title='bbox 1036 2455 1092 2514; x_wconf 83' lang='lat' dir='ltr'><strong>Quis</strong></span> <span class='ocrx_word' id='word_1_328' title='bbox 1102 2455 1166 2500; x_wconf 80' lang='lat' dir='ltr'><strong>enim</strong></span> 
     </span>
     <span class='ocr_line' id='line_1_31' title="bbox 73 2523 1165 2585; baseline -0.001 -15"><span class='ocrx_word' id='word_1_329' title='bbox 73 2537 123 2571; x_wconf 83' lang='lat' dir='ltr'><strong>non</strong></span> <span class='ocrx_word' id='word_1_330' title='bbox 134 2526 267 2574; x_wconf 80' lang='lat' dir='ltr'><strong>atramento</strong></span> <span class='ocrx_word' id='word_1_331' title='bbox 282 2523 500 2585; x_wconf 80' lang='lat' dir='ltr'><strong>inscriptccst‚sed</strong></span> <span class='ocrx_word' id='word_1_332' title='bbox 518 2524 608 2582; x_wconf 84' lang='lat' dir='ltr'><strong>spirita</strong></span> <span class='ocrx_word' id='word_1_333' title='bbox 633 2524 736 2582; x_wconf 81' lang='lat' dir='ltr'><strong>coqnooit</strong></span> <span class='ocrx_word' id='word_1_334' title='bbox 756 2534 849 2570; x_wconf 82' lang='lat' dir='ltr'><strong>sensnm</strong></span> <span class='ocrx_word' id='word_1_335' title='bbox 870 2523 981 2579; x_wconf 85' lang='lat' dir='ltr'><strong>Domini,</strong></span> <span class='ocrx_word' id='word_1_336' title='bbox 1000 2523 1041 2582; x_wconf 86' lang='lat' dir='ltr'><strong>qni</strong></span> <span class='ocrx_word' id='word_1_337' title='bbox 1063 2523 1165 2569; x_wconf 82' lang='lat' dir='ltr'><strong>instruat</strong></span> 
     </span>
     <span class='ocr_line' id='line_1_32' title="bbox 73 2585 1165 2653; baseline -0.004 -11"><span class='ocrx_word' id='word_1_338' title='bbox 73 2595 120 2642; x_wconf 84' lang='lat' dir='ltr'><strong>Dei</strong></span> <span class='ocrx_word' id='word_1_339' title='bbox 135 2595 181 2642; x_wconf 85' lang='lat' dir='ltr'><strong>oioi</strong></span> <span class='ocrx_word' id='word_1_340' title='bbox 196 2607 262 2643; x_wconf 82' lang='lat' dir='ltr'><strong>:noo</strong></span> <span class='ocrx_word' id='word_1_341' title='bbox 273 2595 299 2642; x_wconf 82' lang='lat' dir='ltr'><strong>is</strong></span> <span class='ocrx_word' id='word_1_342' title='bbox 316 2594 400 2642; x_wconf 85' lang='lat' dir='ltr'><strong>tabulis</strong></span> <span class='ocrx_word' id='word_1_343' title='bbox 416 2593 522 2653; x_wconf 83' lang='lat' dir='ltr'><strong>lapideis,</strong></span> <span class='ocrx_word' id='word_1_344' title='bbox 534 2593 573 2640; x_wconf 81' lang='lat' dir='ltr'><strong>scd</strong></span> <span class='ocrx_word' id='word_1_345' title='bbox 583 2593 608 2639; x_wconf 80' lang='lat' dir='ltr'><strong>ln</strong></span> <span class='ocrx_word' id='word_1_346' title='bbox 632 2589 761 2638; x_wconf 80' lang='lat' dir='ltr'><strong>camillos</strong></span> <span class='ocrx_word' id='word_1_347' title='bbox 772 2591 856 2639; x_wconf 87' lang='lat' dir='ltr'><strong>autem</strong></span> <span class='ocrx_word' id='word_1_348' title='bbox 866 2585 967 2639; x_wconf 84' lang='lat' dir='ltr'><strong>sensum</strong></span> <span class='ocrx_word' id='word_1_349' title='bbox 982 2590 1072 2640; x_wconf 82' lang='lat' dir='ltr'><strong>Christi</strong></span> <span class='ocrx_word' id='word_1_350' title='bbox 1087 2589 1165 2639; x_wconf 88' lang='lat' dir='ltr'><strong>babo-</strong></span> 
     </span>
     <span class='ocr_line' id='line_1_33' title="bbox 73 2659 696 2719; baseline -0.006 -9"><span class='ocrx_word' id='word_1_351' title='bbox 73 2661 161 2710; x_wconf 77' lang='lat' dir='ltr'><strong>tubulr&#39;s</strong></span> <span class='ocrx_word' id='word_1_352' title='bbox 176 2664 251 2710; x_wconf 67' lang='lat' dir='ltr'><strong>cudis</strong></span> <span class='ocrx_word' id='word_1_353' title='bbox 266 2662 410 2710; x_wconf 75' lang='lat' dir='ltr'><strong>carnotibus.</strong></span> <span class='ocrx_word' id='word_1_354' title='bbox 426 2662 486 2707; x_wconf 83' lang='lat' dir='ltr'><strong>liam</strong></span> <span class='ocrx_word' id='word_1_355' title='bbox 504 2659 525 2707; x_wconf 90' lang='lat' dir='ltr'><strong>si</strong></span> <span class='ocrx_word' id='word_1_356' title='bbox 544 2662 608 2719; x_wconf 88' lang='lat' dir='ltr'><strong>llpo-</strong></span> <span class='ocrx_word' id='word_1_357' title='bbox 632 2672 696 2708; x_wconf 86' lang='lat' dir='ltr'><strong>mus.</strong></span> 
     </span>
     <span class='ocr_line' id='line_1_34' title="bbox 72 2728 608 2790; baseline -0.007 -11"><span class='ocrx_word' id='word_1_358' title='bbox 72 2731 131 2779; x_wconf 82' lang='lat' dir='ltr'><strong>stoli</strong></span> <span class='ocrx_word' id='word_1_359' title='bbox 148 2731 252 2790; x_wconf 88' lang='lat' dir='ltr'><strong>epistola</strong></span> <span class='ocrx_word' id='word_1_360' title='bbox 262 2731 378 2779; x_wconf 85' lang='lat' dir='ltr'><strong>scribitur</strong></span> <span class='ocrx_word' id='word_1_361' title='bbox 387 2732 415 2779; x_wconf 89' lang='lat' dir='ltr'><strong>iu</strong></span> <span class='ocrx_word' id='word_1_362' title='bbox 430 2728 536 2790; x_wconf 88' lang='lat' dir='ltr'><strong>Spiritu,</strong></span> <span class='ocrx_word' id='word_1_363' title='bbox 548 2729 608 2788; x_wconf 91' lang='lat' dir='ltr'><strong>quid</strong></span> 
     </span>
     <span class='ocr_line' id='line_1_35' title="bbox 73 2783 1005 2858; baseline -0.008 -11"><span class='ocrx_word' id='word_1_364' title='bbox 73 2799 157 2847; x_wconf 86' lang='lat' dir='ltr'><strong>obstat</strong></span> <span class='ocrx_word' id='word_1_365' title='bbox 166 2798 297 2858; x_wconf 89' lang='lat' dir='ltr'><strong>quominus</strong></span> <span class='ocrx_word' id='word_1_366' title='bbox 314 2798 389 2844; x_wconf 87' lang='lat' dir='ltr'><strong>etiam</strong></span> <span class='ocrx_word' id='word_1_367' title='bbox 398 2800 480 2856; x_wconf 75' lang='lat' dir='ltr'><strong>legem</strong></span> <span class='ocrx_word' id='word_1_368' title='bbox 494 2796 542 2842; x_wconf 83' lang='lat' dir='ltr'><strong>nei</strong></span> <span class='ocrx_word' id='word_1_369' title='bbox 557 2807 608 2842; x_wconf 89' lang='lat' dir='ltr'><strong>non</strong></span> <span class='ocrx_word' id='word_1_370' title='bbox 808 2784 935 2839; x_wconf 79' lang='lat' dir='ltr'>CAPUT</span> <span class='ocrx_word' id='word_1_371' title='bbox 948 2783 1005 2835; x_wconf 83' lang='lat' dir='ltr'><strong>IV·</strong></span> 
     </span>
    </p>
   </div>
   <div class='ocr_carea' id='block_1_3' title="bbox 73 2863 1166 2926">
    <p class='ocr_par' dir='ltr' id='par_1_3' title="bbox 73 2863 1166 2926">
     <span class='ocr_line' id='line_1_36' title="bbox 73 2863 1166 2926; baseline -0.002 -9"><span class='ocrx_word' id='word_1_372' title='bbox 73 2866 226 2926; x_wconf 68' lang='lat' dir='ltr'><strong>atramento,</strong></span> <span class='ocrx_word' id='word_1_373' title='bbox 241 2864 286 2913; x_wconf 73' lang='grc' dir='ltr'><strong>8θᾶ</strong></span> <span class='ocrx_word' id='word_1_374' title='bbox 308 2865 402 2925; x_wconf 65' lang='lat' dir='ltr'><strong>Spiritu</strong></span> <span class='ocrx_word' id='word_1_375' title='bbox 422 2863 468 2910; x_wconf 63' lang='lat' dir='ltr'><strong>Dei</strong></span> <span class='ocrx_word' id='word_1_376' title='bbox 490 2863 608 2922; x_wconf 62' lang='lat' dir='ltr'><strong>Scriptam</strong></span> <span class='ocrx_word' id='word_1_377' title='bbox 632 2876 736 2926; x_wconf 86' lang='lat' dir='ltr'><strong>Spiritum</strong></span> <span class='ocrx_word' id='word_1_378' title='bbox 745 2881 857 2926; x_wconf 74' lang='lat' dir='ltr'><strong>propterea</strong></span> <span class='ocrx_word' id='word_1_379' title='bbox 865 2877 925 2926; x_wconf 89' lang='lat' dir='ltr'><strong>quod</strong></span> <span class='ocrx_word' id='word_1_380' title='bbox 933 2877 1166 2925; x_wconf 59' lang='lat' dir='ltr'><strong>digitusvocrlurml-</strong></span> 
     </span>
    </p>
   </div>
   <div class='ocr_carea' id='block_1_4' title="bbox 73 2929 1167 3082">
    <p class='ocr_par' dir='ltr' id='par_1_4' title="bbox 73 2929 1167 3082">
     <span class='ocr_line' id='line_1_37' title="bbox 74 2929 1167 2993; baseline -0.007 -9"><span class='ocrx_word' id='word_1_381' title='bbox 74 2936 179 2984; x_wconf 87' lang='lat' dir='ltr'><strong>credere</strong></span> <span class='ocrx_word' id='word_1_382' title='bbox 195 2933 347 2982; x_wconf 84' lang='lat' dir='ltr'><strong>debeamus:</strong></span> <span class='ocrx_word' id='word_1_383' title='bbox 362 2931 513 2993; x_wconf 79' lang='lat' dir='ltr'><strong>quaeutiquo</strong></span> <span class='ocrx_word' id='word_1_384' title='bbox 529 2929 609 2977; x_wconf 89' lang='lat' dir='ltr'><strong>cordis</strong></span> <span class='ocrx_word' id='word_1_385' title='bbox 655 2939 732 2967; x_wconf 74' lang='lat' dir='ltr'><strong>norem</strong></span> <span class='ocrx_word' id='word_1_386' title='bbox 753 2940 794 2967; x_wconf 59' lang='grc' dir='ltr'><strong>ωε</strong></span> <span class='ocrx_word' id='word_1_387' title='bbox 810 2929 1010 2992; x_wconf 42' lang='lat' dir='ltr'><strong>necennensium,</strong></span> <span class='ocrx_word' id='word_1_388' title='bbox 1026 2931 1106 2992; x_wconf 66' lang='lat' dir='ltr'><strong>regern</strong></span> <span class='ocrx_word' id='word_1_389' title='bbox 1125 2929 1167 2969; x_wconf 76' lang='lat' dir='ltr'><strong>noe</strong></span> 
     </span>
     <span class='ocr_line' id='line_1_38' title="bbox 73 2981 1167 3082; baseline -0.005 -26"><span class='ocrx_word' id='word_1_390' title='bbox 73 3008 153 3056; x_wconf 89' lang='lat' dir='ltr'><strong>nostri</strong></span> <span class='ocrx_word' id='word_1_391' title='bbox 169 3006 307 3068; x_wconf 80' lang='lat' dir='ltr'><strong>meudsque</strong></span> <span class='ocrx_word' id='word_1_392' title='bbox 324 3003 607 3065; x_wconf 83' lang='lat' dir='ltr'><strong>secretuuonmaeulet,</strong></span> <span class='ocrx_word' id='word_1_393' title='bbox 654 2981 1167 3082; x_wconf 44' lang='lat' dir='ltr'><strong>ffiuffleffiflfissff“{ffi&#39;jmdi‘ffijnffi</strong></span> 
     </span>
    </p>
   </div>
   <div class='ocr_carea' id='block_1_5' title="bbox 74 3075 1167 3131">
    <p class='ocr_par' dir='ltr' id='par_1_5' title="bbox 74 3075 1167 3131">
     <span class='ocr_line' id='line_1_39' title="bbox 74 3075 1167 3131; baseline 0 -6"><span class='ocrx_word' id='word_1_394' title='bbox 74 3075 271 3125; x_wconf 69' lang='lat' dir='ltr'><strong>sediliumillati</strong></span> <span class='ocrx_word' id='word_1_395' title='bbox 654 3088 681 3125; x_wconf 83' lang='lat' dir='ltr'><strong>ad</strong></span> <span class='ocrx_word' id='word_1_396' title='bbox 699 3089 805 3125; x_wconf 77' lang='lat' dir='ltr'><strong>unitatem</strong></span> <span class='ocrx_word' id='word_1_397' title='bbox 822 3087 938 3125; x_wconf 77' lang='lat' dir='ltr'><strong>divndrntis</strong></span> <span class='ocrx_word' id='word_1_398' title='bbox 960 3087 1090 3131; x_wconf 79' lang='lat' dir='ltr'><strong>reterendc;</strong></span> <span class='ocrx_word' id='word_1_399' title='bbox 1108 3089 1167 3126; x_wconf 83' lang='lat' dir='ltr'><strong>uude</strong></span> 
     </span>
    </p>
   </div>
   <div class='ocr_carea' id='block_1_6' title="bbox 106 3140 1236 3205">
    <p class='ocr_par' dir='ltr' id='par_1_6' title="bbox 106 3140 1236 3205">
     <span class='ocr_line' id='line_1_40' title="bbox 106 3140 1236 3205; baseline -0.003 -23"><span class='ocrx_word' id='word_1_400' title='bbox 106 3147 146 3192; x_wconf 65' lang='lat'><strong>15,</strong></span> <span class='ocrx_word' id='word_1_401' title='bbox 157 3145 251 3205; x_wconf 72' lang='lat' dir='ltr'><strong>Scripta</strong></span> <span class='ocrx_word' id='word_1_402' title='bbox 263 3146 300 3193; x_wconf 76' lang='lat' dir='ltr'><strong>est</strong></span> <span class='ocrx_word' id='word_1_403' title='bbox 310 3148 393 3192; x_wconf 78' lang='lat' dir='ltr'><strong>autem</strong></span> <span class='ocrx_word' id='word_1_404' title='bbox 405 3143 432 3190; x_wconf 82' lang='lat' dir='ltr'><strong>in</strong></span> <span class='ocrx_word' id='word_1_405' title='bbox 442 3142 533 3191; x_wconf 67' lang='lat' dir='ltr'><strong>tabulis</strong></span> <span class='ocrx_word' id='word_1_406' title='bbox 542 3140 607 3203; x_wconf 77' lang='lat' dir='ltr'><strong>lapi·</strong></span> <span class='ocrx_word' id='word_1_407' title='bbox 654 3143 735 3192; x_wconf 80' lang='lat' dir='ltr'><strong>Moyses</strong></span> <span class='ocrx_word' id='word_1_408' title='bbox 752 3147 818 3182; x_wconf 82' lang='lat' dir='ltr'><strong>totam</strong></span> <span class='ocrx_word' id='word_1_409' title='bbox 836 3142 967 3181; x_wconf 84' lang='lat' dir='ltr'><strong>Trinitatem</strong></span> <span class='ocrx_word' id='word_1_410' title='bbox 982 3141 1004 3178; x_wconf 89' lang='lat' dir='ltr'><strong>in</strong></span> <span class='ocrx_word' id='word_1_411' title='bbox 1017 3141 1082 3178; x_wconf 73' lang='lat' dir='ltr'><strong>marla</strong></span> <span class='ocrx_word' id='word_1_412' title='bbox 1094 3141 1167 3191; x_wconf 79' lang='lat' dir='ltr'><strong>Rubri</strong></span> <span class='ocrx_word' id='word_1_413' title='bbox 1229 3188 1236 3194; x_wconf 43' lang='grc'><strong>,</strong></span> 
     </span>
    </p>
   </div>
   <div class='ocr_carea' id='block_1_7' title="bbox 569 3195 1165 3258">
    <p class='ocr_par' dir='ltr' id='par_1_7' title="bbox 569 3195 1165 3258">
     <span class='ocr_line' id='line_1_41' title="bbox 569 3195 1165 3258; baseline -0.002 -23"><span class='ocrx_word' id='word_1_414' title='bbox 569 3212 607 3258; x_wconf 62' lang='lat' dir='ltr'><strong>ta,</strong></span> <span class='ocrx_word' id='word_1_415' title='bbox 653 3197 747 3234; x_wconf 88' lang='lat' dir='ltr'><strong>transitu</strong></span> <span class='ocrx_word' id='word_1_416' title='bbox 759 3196 835 3235; x_wconf 85' lang='lat' dir='ltr'><strong>cecinit</strong></span> <span class='ocrx_word' id='word_1_417' title='bbox 844 3199 959 3245; x_wconf 81' lang='lat' dir='ltr'><strong>operatam.</strong></span> <span class='ocrx_word' id='word_1_418' title='bbox 972 3195 1015 3233; x_wconf 74' lang='lat' dir='ltr'><strong>uec</strong></span> <span class='ocrx_word' id='word_1_419' title='bbox 1023 3205 1071 3233; x_wconf 85' lang='lat' dir='ltr'><strong>snus</strong></span> <span class='ocrx_word' id='word_1_420' title='bbox 1081 3197 1165 3234; x_wconf 84' lang='lat' dir='ltr'><strong>mirum</strong></span> 
     </span>
    </p>
   </div>
   <div class='ocr_carea' id='block_1_8' title="bbox 75 3211 1165 3298">
    <p class='ocr_par' dir='ltr' id='par_1_8' title="bbox 75 3211 1165 3298">
     <span class='ocr_line' id='line_1_42' title="bbox 75 3211 1165 3298; baseline 0.006 -18"><span class='ocrx_word' id='word_1_421' title='bbox 75 3214 143 3275; x_wconf 55' lang='lat'>‘¹⁶1⁸’</span> <span class='ocrx_word' id='word_1_422' title='bbox 154 3214 213 3275; x_wconf 63' lang='lat' dir='ltr'><strong>quia</strong></span> <span class='ocrx_word' id='word_1_423' title='bbox 229 3215 254 3261; x_wconf 86' lang='lat' dir='ltr'><strong>ili</strong></span> <span class='ocrx_word' id='word_1_424' title='bbox 265 3215 324 3274; x_wconf 57' lang='lat' dir='ltr'><strong>typo</strong></span> <span class='ocrx_word' id='word_1_425' title='bbox 338 3212 430 3272; x_wconf 58' lang='lat' dir='ltr'><strong>⁸⁰¹in</strong></span> <span class='ocrx_word' id='word_1_426' title='bbox 440 3214 478 3260; x_wconf 53' lang='lat' dir='ltr'><strong>“t</strong></span> <span class='ocrx_word' id='word_1_427' title='bbox 491 3225 498 3259; x_wconf 47' lang='grc' dir='ltr'>ἶ</span> <span class='ocrx_word' id='word_1_428' title='bbox 514 3211 559 3260; x_wconf 63' lang='lat' dir='ltr'><strong>sed</strong></span> <span class='ocrx_word' id='word_1_429' title='bbox 652 3250 683 3287; x_wconf 89' lang='lat' dir='ltr'><strong>ibi</strong></span> <span class='ocrx_word' id='word_1_430' title='bbox 691 3251 784 3298; x_wconf 88' lang='lat' dir='ltr'><strong>Spiritus</strong></span> <span class='ocrx_word' id='word_1_431' title='bbox 796 3250 886 3288; x_wconf 77' lang='lat' dir='ltr'><strong>extitisse</strong></span> <span class='ocrx_word' id='word_1_432' title='bbox 896 3249 1055 3297; x_wconf 80' lang='lat' dir='ltr'><strong>operationem,</strong></span> <span class='ocrx_word' id='word_1_433' title='bbox 1064 3248 1165 3298; x_wconf 77' lang='lat' dir='ltr'><strong>ublbnp-</strong></span> 
     </span>
    </p>
   </div>
   <div class='ocr_carea' id='block_1_9' title="bbox 75 3279 1166 3479">
    <p class='ocr_par' dir='ltr' id='par_1_9' title="bbox 75 3279 1166 3479">
     <span class='ocr_line' id='line_1_43' title="bbox 76 3279 1166 3361; baseline -0.014 -3"><span class='ocrx_word' id='word_1_434' title='bbox 76 3282 241 3361; x_wconf 62' lang='lat' dir='ltr'><strong>bulae.ff³⁰tae.</strong></span> <span class='ocrx_word' id='word_1_435' title='bbox 250 3281 412 3361; x_wconf 52' lang='lat' dir='ltr'><strong>primsfmtt</strong></span> <span class='ocrx_word' id='word_1_436' title='bbox 424 3280 565 3360; x_wconf 29' lang='lat' dir='ltr'><strong>⁰&amp;deae</strong></span> <span class='ocrx_word' id='word_1_437' title='bbox 575 3279 607 3328; x_wconf 62' lang='lat' dir='ltr'><strong>de</strong></span> <span class='ocrx_word' id='word_1_438' title='bbox 653 3308 712 3345; x_wconf 87' lang='lat' dir='ltr'><strong>tismi</strong></span> <span class='ocrx_word' id='word_1_439' title='bbox 730 3308 801 3356; x_wconf 74' lang='lat' dir='ltr'><strong>figurr</strong></span> <span class='ocrx_word' id='word_1_440' title='bbox 822 3308 877 3352; x_wconf 66' lang='lat' dir='ltr'><strong>tuin</strong></span> <span class='ocrx_word' id='word_1_441' title='bbox 895 3306 1002 3354; x_wconf 87' lang='lat' dir='ltr'><strong>siquidem</strong></span> <span class='ocrx_word' id='word_1_442' title='bbox 1019 3306 1042 3343; x_wconf 88' lang='lat' dir='ltr'><strong>ln</strong></span> <span class='ocrx_word' id='word_1_443' title='bbox 1062 3305 1166 3344; x_wconf 81' lang='lat' dir='ltr'><strong>hoc-tros</strong></span> 
     </span>
     <span class='ocr_line' id='line_1_44' title="bbox 75 3349 1165 3412; baseline -0.003 -13"><span class='ocrx_word' id='word_1_444' title='bbox 75 3351 163 3412; x_wconf 85' lang='lat' dir='ltr'><strong>bloysrs</strong></span> <span class='ocrx_word' id='word_1_445' title='bbox 177 3351 303 3410; x_wconf 77' lang='lat' dir='ltr'><strong>munibus3</strong></span> <span class='ocrx_word' id='word_1_446' title='bbox 314 3362 372 3410; x_wconf 78' lang='lat' dir='ltr'><strong>quta</strong></span> <span class='ocrx_word' id='word_1_447' title='bbox 382 3349 461 3396; x_wconf 73' lang='lat' dir='ltr'><strong>ludaei</strong></span> <span class='ocrx_word' id='word_1_448' title='bbox 474 3361 488 3397; x_wconf 90' lang='lat' dir='ltr'><strong>a</strong></span> <span class='ocrx_word' id='word_1_449' title='bbox 503 3349 609 3409; x_wconf 89' lang='lat' dir='ltr'><strong>propbe-</strong></span> <span class='ocrx_word' id='word_1_450' title='bbox 652 3370 750 3409; x_wconf 76' lang='lat' dir='ltr'><strong>personn</strong></span> <span class='ocrx_word' id='word_1_451' title='bbox 762 3372 787 3398; x_wconf 71' lang='lat' dir='ltr'><strong>er</strong></span> <span class='ocrx_word' id='word_1_452' title='bbox 802 3370 866 3408; x_wconf 77' lang='lat' dir='ltr'><strong>aequo</strong></span> <span class='ocrx_word' id='word_1_453' title='bbox 877 3359 979 3409; x_wconf 77' lang='lat' dir='ltr'><strong>operari,</strong></span> <span class='ocrx_word' id='word_1_454' title='bbox 990 3358 1165 3408; x_wconf 70' lang='lat' dir='ltr'><strong>uncunursque</strong></span> 
     </span>
     <span class='ocr_line' id='line_1_45' title="bbox 76 3413 842 3479; baseline -0.009 -13"><span class='ocrx_word' id='word_1_455' title='bbox 76 3419 134 3467; x_wconf 90' lang='lat' dir='ltr'><strong>ticis</strong></span> <span class='ocrx_word' id='word_1_456' title='bbox 148 3419 262 3479; x_wconf 87' lang='lat' dir='ltr'><strong>operibus</strong></span> <span class='ocrx_word' id='word_1_457' title='bbox 279 3418 434 3466; x_wconf 87' lang='lat' dir='ltr'><strong>exciderunt.</strong></span> <span class='ocrx_word' id='word_1_458' title='bbox 446 3417 477 3464; x_wconf 86' lang='lat' dir='ltr'><strong>Et</strong></span> <span class='ocrx_word' id='word_1_459' title='bbox 491 3417 554 3464; x_wconf 90' lang='lat' dir='ltr'><strong>bene</strong></span> <span class='ocrx_word' id='word_1_460' title='bbox 570 3416 608 3463; x_wconf 88' lang='lat' dir='ltr'><strong>ta·</strong></span> <span class='ocrx_word' id='word_1_461' title='bbox 653 3413 766 3462; x_wconf 71' lang='lat' dir='ltr'><strong>scriptura</strong></span> <span class='ocrx_word' id='word_1_462' title='bbox 775 3414 842 3452; x_wconf 77' lang='lat' dir='ltr'><strong>uocet.</strong></span> 
     </span>
    </p>
   </div>
   <div class='ocr_carea' id='block_1_10' title="bbox 75 3481 1252 3546">
    <p class='ocr_par' dir='ltr' id='par_1_10' title="bbox 75 3481 1252 3546">
     <span class='ocr_line' id='line_1_46' title="bbox 75 3481 1252 3546; baseline -0.007 -11"><span class='ocrx_word' id='word_1_463' title='bbox 75 3488 142 3535; x_wconf 86' lang='lat' dir='ltr'><strong>bulas</strong></span> <span class='ocrx_word' id='word_1_464' title='bbox 152 3487 235 3536; x_wconf 85' lang='lat' dir='ltr'><strong>fractae</strong></span> <span class='ocrx_word' id='word_1_465' title='bbox 246 3491 316 3545; x_wconf 90' lang='lat' dir='ltr'><strong>sunt,</strong></span> <span class='ocrx_word' id='word_1_466' title='bbox 326 3498 376 3534; x_wconf 91' lang='lat' dir='ltr'><strong>non</strong></span> <span class='ocrx_word' id='word_1_467' title='bbox 386 3485 505 3546; x_wconf 87' lang='lat' dir='ltr'><strong>scriptura</strong></span> <span class='ocrx_word' id='word_1_468' title='bbox 515 3485 606 3532; x_wconf 84' lang='lat' dir='ltr'><strong>deleta.</strong></span> <span class='ocrx_word' id='word_1_469' title='bbox 662 3486 703 3534; x_wconf 83' lang='lat' dir='ltr'><strong>lS.</strong></span> <span class='ocrx_word' id='word_1_470' title='bbox 715 3486 764 3533; x_wconf 83' lang='lat' dir='ltr'><strong>Suu</strong></span> <span class='ocrx_word' id='word_1_471' title='bbox 775 3484 796 3533; x_wconf 90' lang='lat' dir='ltr'><strong>si</strong></span> <span class='ocrx_word' id='word_1_472' title='bbox 811 3483 866 3544; x_wconf 91' lang='lat' dir='ltr'><strong>quis</strong></span> <span class='ocrx_word' id='word_1_473' title='bbox 877 3483 957 3532; x_wconf 90' lang='lat' dir='ltr'><strong>adbuc</strong></span> <span class='ocrx_word' id='word_1_474' title='bbox 972 3482 1110 3530; x_wconf 87' lang='lat' dir='ltr'><strong>carnalibus</strong></span> <span class='ocrx_word' id='word_1_475' title='bbox 1125 3481 1166 3528; x_wconf 91' lang='lat' dir='ltr'><strong>in·</strong></span> <span class='ocrx_word' id='word_1_476' title='bbox 1245 3505 1252 3512; x_wconf 94' lang='lat'><em>-</em></span> 
     </span>
    </p>
   </div>
   <div class='ocr_carea' id='block_1_11' title="bbox 47 3549 1224 4168">
    <p class='ocr_par' dir='ltr' id='par_1_11' title="bbox 47 3549 1224 4168">
     <span class='ocr_line' id='line_1_47' title="bbox 77 3549 1166 3615; baseline -0.005 -13"><span class='ocrx_word' id='word_1_477' title='bbox 77 3556 107 3603; x_wconf 83' lang='lat' dir='ltr'><strong>ut</strong></span> <span class='ocrx_word' id='word_1_478' title='bbox 118 3556 145 3604; x_wconf 93' lang='lat' dir='ltr'><strong>tu</strong></span> <span class='ocrx_word' id='word_1_479' title='bbox 154 3556 212 3604; x_wconf 81' lang='lat' dir='ltr'><strong>vide</strong></span> <span class='ocrx_word' id='word_1_480' title='bbox 226 3568 259 3603; x_wconf 90' lang='lat' dir='ltr'><strong>ue</strong></span> <span class='ocrx_word' id='word_1_481' title='bbox 273 3555 400 3615; x_wconf 76' lang='lat' dir='ltr'><strong>frangatur</strong></span> <span class='ocrx_word' id='word_1_482' title='bbox 409 3553 494 3602; x_wconf 89' lang='lat' dir='ltr'><strong>tabula</strong></span> <span class='ocrx_word' id='word_1_483' title='bbox 509 3553 564 3613; x_wconf 86' lang='lat' dir='ltr'><strong>tua,</strong></span> <span class='ocrx_word' id='word_1_484' title='bbox 575 3564 607 3600; x_wconf 88' lang='lat' dir='ltr'><strong>ne</strong></span> <span class='ocrx_word' id='word_1_485' title='bbox 631 3555 711 3602; x_wconf 79' lang='lat' dir='ltr'><strong>baeret</strong></span> <span class='ocrx_word' id='word_1_486' title='bbox 719 3553 847 3614; x_wconf 76' lang='lat' dir='ltr'><strong>ambiguis,</strong></span> <span class='ocrx_word' id='word_1_487' title='bbox 856 3553 881 3601; x_wconf 89' lang='lat' dir='ltr'><strong>et</strong></span> <span class='ocrx_word' id='word_1_488' title='bbox 890 3551 1057 3612; x_wconf 85' lang='lat' dir='ltr'><strong>corporalibus</strong></span> <span class='ocrx_word' id='word_1_489' title='bbox 1065 3549 1166 3598; x_wconf 79' lang='lat' dir='ltr'><strong>vacillat</strong></span> 
     </span>
     <span class='ocr_line' id='line_1_48' title="bbox 77 3618 1166 3683; baseline -0.006 -12"><span class='ocrx_word' id='word_1_490' title='bbox 77 3625 198 3673; x_wconf 88' lang='lat' dir='ltr'><strong>menstua</strong></span> <span class='ocrx_word' id='word_1_491' title='bbox 207 3626 233 3673; x_wconf 91' lang='lat' dir='ltr'><strong>et</strong></span> <span class='ocrx_word' id='word_1_492' title='bbox 240 3624 336 3671; x_wconf 81' lang='lat' dir='ltr'><strong>animus</strong></span> <span class='ocrx_word' id='word_1_493' title='bbox 344 3622 477 3670; x_wconf 87' lang='lat' dir='ltr'><strong>dividatur.</strong></span> <span class='ocrx_word' id='word_1_494' title='bbox 485 3620 608 3681; x_wconf 88' lang='lat' dir='ltr'><strong>Numquid</strong></span> <span class='ocrx_word' id='word_1_495' title='bbox 632 3623 768 3683; x_wconf 79' lang='lat' dir='ltr'><strong>exemplis3</strong></span> <span class='ocrx_word' id='word_1_496' title='bbox 784 3622 924 3670; x_wconf 89' lang='lat' dir='ltr'><strong>consideret</strong></span> <span class='ocrx_word' id='word_1_497' title='bbox 939 3620 998 3680; x_wconf 88' lang='lat' dir='ltr'><strong>qula</strong></span> <span class='ocrx_word' id='word_1_498' title='bbox 1016 3632 1066 3667; x_wconf 88' lang='lat' dir='ltr'><strong>non</strong></span> <span class='ocrx_word' id='word_1_499' title='bbox 1084 3618 1166 3680; x_wconf 89' lang='lat' dir='ltr'><strong>potest</strong></span> 
     </span>
     <span class='ocr_line' id='line_1_49' title="bbox 77 3687 1165 3761; baseline -0.008 -20"><span class='ocrx_word' id='word_1_500' title='bbox 77 3693 171 3742; x_wconf 77' lang='lat' dir='ltr'><strong>divisus</strong></span> <span class='ocrx_word' id='word_1_501' title='bbox 183 3695 221 3741; x_wconf 87' lang='lat' dir='ltr'><strong>est</strong></span> <span class='ocrx_word' id='word_1_502' title='bbox 234 3690 362 3741; x_wconf 77' lang='lat' dir='ltr'><strong>cbristus?</strong></span> <span class='ocrx_word' id='word_1_503' title='bbox 379 3692 432 3738; x_wconf 81' lang='lat' dir='ltr'><strong>lion</strong></span> <span class='ocrx_word' id='word_1_504' title='bbox 449 3689 541 3737; x_wconf 83' lang='lat' dir='ltr'><strong>divisus</strong></span> <span class='ocrx_word' id='word_1_505' title='bbox 557 3690 607 3749; x_wconf 86' lang='lat' dir='ltr'><strong>est,</strong></span> <span class='ocrx_word' id='word_1_506' title='bbox 632 3692 695 3740; x_wconf 90' lang='lat' dir='ltr'><strong>bene</strong></span> <span class='ocrx_word' id='word_1_507' title='bbox 707 3692 799 3761; x_wconf 70' lang='lat' dir='ltr'><strong>sentire</strong></span> <span class='ocrx_word' id='word_1_508' title='bbox 811 3691 842 3738; x_wconf 81' lang='lat' dir='ltr'><strong>lle</strong></span> <span class='ocrx_word' id='word_1_509' title='bbox 857 3690 920 3737; x_wconf 83' lang='lat' dir='ltr'><strong>lilio</strong></span> <span class='ocrx_word' id='word_1_510' title='bbox 925 3721 934 3747; x_wconf 95' lang='lat'><em>‚</em></span> <span class='ocrx_word' id='word_1_511' title='bbox 945 3689 988 3749; x_wconf 92' lang='lat' dir='ltr'><strong>qul</strong></span> <span class='ocrx_word' id='word_1_512' title='bbox 1000 3687 1081 3748; x_wconf 90' lang='lat' dir='ltr'><strong>potest</strong></span> <span class='ocrx_word' id='word_1_513' title='bbox 1100 3687 1165 3733; x_wconf 83' lang='lat' dir='ltr'><strong>male</strong></span> 
     </span>
     <span class='ocr_line' id='line_1_50' title="bbox 76 3755 1166 3819; baseline -0.009 -9"><span class='ocrx_word' id='word_1_514' title='bbox 76 3762 210 3810; x_wconf 87' lang='lat' dir='ltr'><strong>sedunum</strong></span> <span class='ocrx_word' id='word_1_515' title='bbox 225 3761 262 3808; x_wconf 88' lang='lat' dir='ltr'><strong>est</strong></span> <span class='ocrx_word' id='word_1_516' title='bbox 279 3773 334 3808; x_wconf 90' lang='lat' dir='ltr'><strong>cum</strong></span> <span class='ocrx_word' id='word_1_517' title='bbox 345 3761 436 3807; x_wconf 69' lang='lat' dir='ltr'><strong>Patres</strong></span> <span class='ocrx_word' id='word_1_518' title='bbox 455 3757 480 3806; x_wconf 89' lang='lat' dir='ltr'><strong>et</strong></span> <span class='ocrx_word' id='word_1_519' title='bbox 495 3759 520 3805; x_wconf 89' lang='lat' dir='ltr'><strong>te</strong></span> <span class='ocrx_word' id='word_1_520' title='bbox 535 3769 608 3805; x_wconf 86' lang='lat' dir='ltr'><strong>neruo</strong></span> <span class='ocrx_word' id='word_1_521' title='bbox 632 3761 724 3809; x_wconf 86' lang='lat' dir='ltr'><strong>sentire</strong></span> <span class='ocrx_word' id='word_1_522' title='bbox 735 3760 766 3808; x_wconf 91' lang='lat' dir='ltr'><strong>de</strong></span> <span class='ocrx_word' id='word_1_523' title='bbox 779 3759 881 3819; x_wconf 89' lang='lat' dir='ltr'><strong>Spiritu.</strong></span> <span class='ocrx_word' id='word_1_524' title='bbox 892 3759 952 3806; x_wconf 83' lang='lat' dir='ltr'><strong>Nam</strong></span> <span class='ocrx_word' id='word_1_525' title='bbox 964 3757 985 3806; x_wconf 94' lang='lat' dir='ltr'><strong>si</strong></span> <span class='ocrx_word' id='word_1_526' title='bbox 997 3757 1053 3804; x_wconf 89' lang='lat' dir='ltr'><strong>ideo</strong></span> <span class='ocrx_word' id='word_1_527' title='bbox 1071 3755 1166 3816; x_wconf 89' lang='lat' dir='ltr'><strong>portio·</strong></span> 
     </span>
     <span class='ocr_line' id='line_1_51' title="bbox 77 3825 1165 3891; baseline -0.008 -14"><span class='ocrx_word' id='word_1_528' title='bbox 77 3831 109 3877; x_wconf 84' lang='lat' dir='ltr'><strong>ab</strong></span> <span class='ocrx_word' id='word_1_529' title='bbox 125 3843 155 3877; x_wconf 92' lang='lat' dir='ltr'><strong>eo</strong></span> <span class='ocrx_word' id='word_1_530' title='bbox 170 3830 276 3890; x_wconf 85' lang='lat' dir='ltr'><strong>separet.</strong></span> <span class='ocrx_word' id='word_1_531' title='bbox 288 3830 314 3877; x_wconf 91' lang='lat' dir='ltr'><strong>Si</strong></span> <span class='ocrx_word' id='word_1_532' title='bbox 325 3828 386 3877; x_wconf 88' lang='lat' dir='ltr'><strong>tides</strong></span> <span class='ocrx_word' id='word_1_533' title='bbox 403 3827 515 3887; x_wconf 83' lang='lat' dir='ltr'><strong>deiciat,</strong></span> <span class='ocrx_word' id='word_1_534' title='bbox 525 3827 608 3875; x_wconf 77' lang='lat' dir='ltr'><strong>tabula</strong></span> <span class='ocrx_word' id='word_1_535' title='bbox 632 3842 690 3878; x_wconf 90' lang='lat' dir='ltr'><strong>nem</strong></span> <span class='ocrx_word' id='word_1_536' title='bbox 712 3829 845 3891; x_wconf 89' lang='lat' dir='ltr'><strong>quamdam</strong></span> <span class='ocrx_word' id='word_1_537' title='bbox 868 3827 985 3888; x_wconf 70' lang='lat' dir='ltr'><strong>exiguam</strong></span> <span class='ocrx_word' id='word_1_538' title='bbox 1004 3825 1093 3885; x_wconf 87' lang='lat' dir='ltr'><strong>putant</strong></span> <span class='ocrx_word' id='word_1_539' title='bbox 1112 3833 1165 3870; x_wconf 85' lang='lat' dir='ltr'><strong>csse</strong></span> 
     </span>
     <span class='ocr_line' id='line_1_52' title="bbox 77 3891 1164 3958; baseline -0.01 -12"><span class='ocrx_word' id='word_1_540' title='bbox 77 3899 159 3946; x_wconf 88' lang='lat' dir='ltr'><strong>cordis</strong></span> <span class='ocrx_word' id='word_1_541' title='bbox 165 3899 203 3946; x_wconf 92' lang='lat' dir='ltr'><strong>tui</strong></span> <span class='ocrx_word' id='word_1_542' title='bbox 212 3898 339 3958; x_wconf 79' lang='lat' dir='ltr'><strong>iranqitur.</strong></span> <span class='ocrx_word' id='word_1_543' title='bbox 345 3897 524 3944; x_wconf 82' lang='lat' dir='ltr'><strong>comminuitur</strong></span> <span class='ocrx_word' id='word_1_544' title='bbox 531 3895 607 3943; x_wconf 81' lang='lat' dir='ltr'><strong>animi</strong></span> <span class='ocrx_word' id='word_1_545' title='bbox 632 3897 751 3958; x_wconf 88' lang='lat' dir='ltr'><strong>Spiritum</strong></span> <span class='ocrx_word' id='word_1_546' title='bbox 760 3897 822 3956; x_wconf 87' lang='lat' dir='ltr'><strong>Dei,</strong></span> <span class='ocrx_word' id='word_1_547' title='bbox 830 3897 890 3958; x_wconf 86' lang='lat' dir='ltr'><strong>quia</strong></span> <span class='ocrx_word' id='word_1_548' title='bbox 899 3895 991 3956; x_wconf 72' lang='lat' dir='ltr'><strong>digitus</strong></span> <span class='ocrx_word' id='word_1_549' title='bbox 1001 3894 1048 3940; x_wconf 88' lang='lat' dir='ltr'><strong>Dei</strong></span> <span class='ocrx_word' id='word_1_550' title='bbox 1059 3891 1164 3944; x_wconf 87' lang='lat' dir='ltr'><strong>dicitur;</strong></span> 
     </span>
     <span class='ocr_line' id='line_1_53' title="bbox 77 3964 1168 4052; baseline -0.005 -39"><span class='ocrx_word' id='word_1_551' title='bbox 77 3967 217 4028; x_wconf 81' lang='lat' dir='ltr'><strong>firmitudo,</strong></span> <span class='ocrx_word' id='word_1_552' title='bbox 235 3966 256 4014; x_wconf 90' lang='lat' dir='ltr'><strong>si</strong></span> <span class='ocrx_word' id='word_1_553' title='bbox 281 3964 402 4013; x_wconf 86' lang='lat' dir='ltr'><strong>unitatem</strong></span> <span class='ocrx_word' id='word_1_554' title='bbox 426 3964 564 4012; x_wconf 83' lang='lat' dir='ltr'><strong>divinitatis</strong></span> <span class='ocrx_word' id='word_1_555' title='bbox 582 3964 608 4011; x_wconf 92' lang='lat' dir='ltr'><strong>in</strong></span> <span class='ocrx_word' id='word_1_556' title='bbox 634 3965 1168 4052; x_wconf 59' lang='lat' dir='ltr'><em>m</em></span> 
     </span>
     <span class='ocr_line' id='line_1_54' title="bbox 47 4033 1224 4106; baseline -0.011 -10"><span class='ocrx_word' id='word_1_557' title='bbox 47 4055 53 4061; x_wconf 86' lang='lat'><strong>‘</strong></span> <span class='ocrx_word' id='word_1_558' title='bbox 77 4037 199 4086; x_wconf 53' lang='lat' dir='ltr'><strong>&#39;mmm‘</strong></span> <span class='ocrx_word' id='word_1_559' title='bbox 207 4033 608 4094; x_wconf 50' lang='grc' dir='ltr'><strong>Ῑῖθῐῑῦῐθάἳῧ·ΒΒΓῙΝἏθὸωῆᾱθ8</strong></span> <span class='ocrx_word' id='word_1_560' title='bbox 633 4059 736 4106; x_wconf 78' lang='lat' dir='ltr'><strong>tls,quod</strong></span> <span class='ocrx_word' id='word_1_561' title='bbox 744 4057 916 4097; x_wconf 83' lang='lat' dir='ltr'><strong>adscribendum</strong></span> <span class='ocrx_word' id='word_1_562' title='bbox 928 4050 1097 4102; x_wconf 86' lang='lat' dir='ltr'><strong>sculpendumre</strong></span> <span class='ocrx_word' id='word_1_563' title='bbox 1106 4047 1165 4087; x_wconf 79' lang='lat' dir='ltr'><strong>udici-</strong></span> <span class='ocrx_word' id='word_1_564' title='bbox 1216 4086 1224 4101; x_wconf 54' lang='grc'><strong>,</strong></span> 
     </span>
     <span class='ocr_line' id='line_1_55' title="bbox 77 4101 744 4168; baseline -0.013 -12"><span class='ocrx_word' id='word_1_565' title='bbox 77 4101 537 4168; x_wconf 83' lang='lat' dir='ltr'><strong>tun,scriplaestotculpatua,sicut</strong></span> <span class='ocrx_word' id='word_1_566' title='bbox 548 4101 607 4148; x_wconf 89' lang='lat' dir='ltr'><strong>llio-</strong></span> <span class='ocrx_word' id='word_1_567' title='bbox 633 4113 744 4150; x_wconf 62' lang='lat' dir='ltr'><strong>obessent.</strong></span> 
     </span>
    </p>
   </div>
   <div class='ocr_carea' id='block_1_12' title="bbox 0 0 1384 4800">
    <p class='ocr_par' dir='ltr' id='par_1_12' title="bbox 0 0 1384 4800">
     <span class='ocr_line' id='line_1_56' title="bbox 0 0 1384 4800; baseline 0 0"><span class='ocrx_word' id='word_1_568' title='bbox 0 0 1384 4800; x_wconf 95' lang='lat' dir='ltr'><strong> </strong></span> 
     </span>
    </p>
   </div>
  </div>
 </body>
</html>
