2760 4800
468 391 722 437 eelsroclnbiu
743 392 877 440 CLASSIS
898 396 915 439 l.
1190 394 1236 441 aza

152 470 273 533 tolverat3
290 471 355 521 ande
367 469 444 521 iratus
458 472 570 521 dominus
585 473 680 531 ejusde
704 476 855 534 pauperibus
874 475 1022 534 largiuntur.
1046 475 1108 524 Sunt
1130 487 1187 536 ergo
1205 477 1233 524 et

152 536 206 602 lpse
225 542 327 590 summis
349 541 432 600 exegit
450 541 561 601 injuriis,
576 542 641 602 quod
656 542 680 588 ei
704 544 779 602 pedes
790 545 844 603 ejus
860 544 937 604 aliqui
955 557 962 590 a
980 546 1053 604 atque
1073 544 1165 591 utinam
1178 558 1232 594 ma-

152 612 208 658 ante
217 608 359 657 donaverat.
366 611 498 658 Careamus
504 623 561 669 ergo
569 623 601 657 ne
609 610 680 656 nobis
704 612 820 669 reareJ'us
831 625 884 659 esse
892 611 1048 658 calcaneum!
1059 613 1151 670 Aqrram
1159 611 1234 670 igitur

150 674 198 726 hoc
217 678 327 736 accidat,
338 680 366 726 ut
381 691 431 725 non
446 678 609 738 remittendo,
626 693 679 738 quae
704 679 780 728 mittit
790 681 899 740 inpedes
911 679 1014 744 Christi,
1025 680 1068 740 qui
1081 681 1156 726 etiam
1172 682 1234 728 ulti-

150 747 223 795 nobis
233 747 367 806 debentur,
380 746 526 805 incipiamus
541 748 566 793 et
577 748 620 793 illa
630 749 678 794 sol·
703 746 994 807 misquibusquepeccata
1003 746 1130 806 concedit3
1140 748 1165 794 et
1175 747 1234 794 dum

150 827 211 863 vere
221 828 276 876 qnae
287 816 388 862 remissa
399 817 455 862 sunt
470 815 553 874 nobis3
566 816 601 861 ita
613 815 678 862 enim
703 815 813 872 plebeios
832 814 940 874 liberat,
958 814 1047 862 Christi
1066 815 1150 862 tamma
1168 815 1234 862 lavat

150 884 269 942 scriptum
279 886 330 942 est,
340 883 440 930 dicente
448 883 551 929 Domino
559 883 617 930 lesu
625 897 632 929 ι
641 886 679 930 sic
704 883 847 942 vestigium.

149 953 172 999 et
189 951 254 1000 uobis
271 952 339 1010 societ
357 953 518 1008 Polcrmcus,
530 953 571 1011 qui
581 953 606 998 in
618 953 679 999 coelis
734 950 772 997 la.
786 968 799 992 a
810 951 886 999 liittit
901 950 927 999 et
944 952 988 999 ille
1008 963 1095 1011 aquam
1112 950 1138 998 in
1158 951 1235 1011 pedes
1281 976 1285 982 ·

148 1023 196 1078 eat,
208 1021 230 1068 si
238 1033 286 1066 noo
296 1021 429 1068 remiseritis
438 1023 594 1079 uuusquisque
608 1020 679 1078 fratri
703 1020 806 1080 Christi,
823 1021 865 1079 qui
882 1033 897 1068 a
915 1021 1073 1079 peccatorum
1093 1020 1233 1067 colluvione

148 1101 191 1136 ruo
201 1088 341 1135 discordibus
352 1088 442 1135 vestris.
454 1087 611 1135 Dimittamus
621 1101 677 1148 ergo
702 1088 805 1135 mundat
827 1088 1001 1135 conscientiam
1020 1099 1104 1145 suam3
1124 1088 1234 1135 ambulat

149 1168 242 1217 pauca,
260 1157 348 1216 quibus
367 1158 437 1216 plura
458 1156 547 1203 donata
565 1157 622 1204 sunt
634 1171 641 1203 ι
653 1159 678 1205 et
704 1155 771 1202 enim
791 1156 900 1202 Christus
920 1155 947 1201 in
967 1154 1108 1214 pectoribus
1126 1153 1234 1213 singulo·

148 1221 317 1287 intelligamus
341 1236 371 1270 co
390 1235 434 1270 nos
455 1224 507 1269 Deo
528 1224 678 1283 acceptiores
704 1237 767 1271 rum.
783 1225 847 1271 Cave
867 1224 984 1283 igiturne
1003 1224 1123 1283 pollutam
1141 1224 1233 1271 babeas

146 1288 216 1350 iore,
227 1302 274 1350 quo
296 1288 371 1337 etiam
389 1290 460 1350 plura
475 1288 604 1349 donamus3
619 1291 676 1350 quia
703 1295 893 1352 conscientiam,
905 1294 930 1341 et
939 1295 1015 1353 pedes
1025 1294 1114 1340 christi
1123 1293 1231 1352 incipias

148 1359 196 1406 hoc
214 1357 332 1418 puriores
349 1357 401 1404 Deo
420 1369 520 1415 sumus,
541 1370 589 1417 quo
607 1357 678 1405 nobis
702 1361 840 1421 inquinare.
852 1364 915 1409 Cave
922 1375 954 1410 ne
963 1363 1059 1422 spinam
1070 1361 1096 1408 iu
1105 1362 1131 1409 te
1142 1361 1233 1420 impra-

147 1427 220 1486 plura
228 1426 326 1474 dimissa
337 1426 401 1481 sunt.
703 1430 787 1478 bitatis
798 1430 917 1490 offendat,
935 1443 983 1490 qua
999 1430 1054 1487 eius
1072 1430 1099 1476 iu
1109 1429 1134 1477 te
1146 1429 1232 1476 deam·

181 1494 218 1542 lO.
230 1511 244 1536 a
252 1493 364 1552 Denique
375 1491 537 1551 interrogatus
548 1493 676 1540 aDomino
702 1497 808 1546 buiarrtis
814 1500 956 1546 calcaneum
964 1498 1098 1544 saucietur.
1107 1498 1166 1544 Nam
1176 1497 1232 1544 ideo

127 1614 129 1620 ,
146 1563 282 1624 phariseus
293 1576 299 1609 :
313 1564 384 1624 Quoia,
395 1562 489 1620 inquit,
500 1576 553 1609 euna
561 1564 614 1622 ptus
623 1564 676 1610 dili·
701 1561 788 1625 aquam
800 1567 905 1626 pedibus
915 1565 1005 1613 Christi
1013 1578 1062 1612 non
1071 1566 1138 1612 dedit
1147 1565 1231 1625 phari-

148 1631 197 1692 or'i?
208 1631 342 1690 Respondit
355 1643 361 1675 r
374 1633 472 1678 AEstimo
484 1631 539 1689 puio
549 1632 569 1678 ts
579 1633 617 1676 cui
624 1633 676 1690 plus
700 1645 762 1681 sarus
771 1666 778 1692 ,
788 1635 846 1693 quia
857 1635 976 1680 mundum
986 1645 1001 1679 a
1012 1633 1149 1680 colluvione
1158 1632 1231 1690 perii·

148 1703 250 1749 mnasit-
260 1701 303 1747 Cui
321 1700 440 1747 Dominus
456 1698 521 1746 dixit
537 1703 622 1747 :Recte
633 1700 675 1758 ju·
699 1701 747 1748 diae
758 1703 867 1749 animum
883 1714 932 1749 non
945 1701 1060 1749 habebat.
1079 1701 1149 1748 Unde
1163 1701 1231 1747 eninr

147 1767 675 1828 dicasti.LaudaturpharisaeiJudicium,sed
698 1769 1230 1828 suammundaretconscientiam,quiaquam

146 1835 259 1896 arguitur
266 1837 375 1884 affectus.
384 1837 421 1882 De
429 1835 485 1881 aliis
493 1835 558 1881 bene
565 1835 673 1893 judicat:
699 1847 748 1882 non
759 1838 899 1896 susceperat
909 1834 1016 1883 Christi?
1027 1837 1134 1883 Ecclesia
1145 1839 1229 1884 autem

147 1903 192 1969 sed
209 1904 273 1963 quod
290 1904 322 1951 de
338 1902 396 1950 aliis
415 1901 542 1963 opinatur,
555 1903 606 1961 ipse
625 1916 674 1949 non
700 1903 725 1949 et
736 1915 824 1962 aquam
840 1904 929 1960 habet,
949 1903 976 1949 et
989 1904 1109 1962 lacrymas
1125 1904 1200 1951 habet
1220 1916 1228 1950 a

98 1976 101 1977 ’
146 1971 236 2019 credit.
253 1972 329 2019 Audis
346 1971 488 2018 laudantem
503 1971 614 2018 Judaeum
630 1973 675 2018 lic-
700 1981 786 2028 aquam
797 1971 963 2030 baptismatis,
975 1970 1094 2029 lacrymas
1105 1972 1228 2029 poeniten·

147 2039 229 2087 clasiae
240 2038 518 2100 disciplinam,ejusque
526 2050 609 2085 veram
621 2051 675 2096 gra·
700 2037 748 2084 tiae.
761 2039 833 2086 Fides
840 2051 959 2097 namque,
971 2051 1026 2097 quaa
1036 2039 1164 2097 superiora
1171 2052 1230 2098 pec·

146 2108 208 2155 liam
223 2107 409 2168 praedicantem,
421 2108 580 2155 honorantem
596 2120 675 2155 sacer·
700 2105 963 2164 catadeplorat‚1rora
979 2117 1067 2153 cavere
1085 2107 1225 2153 consuevit.
1300 2102 1303 2106 ’

147 2176 216 2224 dotes
225 2178 352 2236 Ecclesiae,
362 2177 468 2224 hortaris
482 2177 511 2224 ut
527 2177 624 2237 credat,
635 2189 674 2224 re·
698 2179 759 2235 Ergo
768 2176 850 2222 Simon
861 2173 1011 2233 phariseus,
1022 2173 1065 2232 qui
1077 2185 1164 2233 aquarn
1175 2185 1225 2219 non

145 2245 211 2305 nuit;
223 2246 258 2293 ita
267 2246 332 2306 quod
343 2246 369 2293 in
379 2245 551 2303 nobislaudat,
562 2245 613 2304 ipse
624 2258 673 2293 non
698 2245 818 2302 habebat,
829 2243 952 2303 utiqueet
961 2242 1080 2300 lacrymas
1090 2253 1138 2287 non
1150 2241 1226 2287 habc-

146 2314 266 2373 sequitur.
281 2315 334 2362 Non
345 2327 401 2374 ergo
412 2314 485 2374 piena
502 2313 555 2372 ejus
565 2315 672 2363 laudatio
697 2316 746 2362 bat.
762 2312 886 2372 Quomodo
898 2311 963 2358 enim
975 2310 1078 2357 baberet
1093 2311 1227 2369 iacrymas,

146 2383 198 2440 est,
213 2380 271 2441 quia
280 2381 374 2430 audivit
385 2378 501 2429 aGbristo
514 2394 521 2429 ι
533 2385 600 2430 Recte
610 2382 672 2441 iudi·
697 2383 739 2442 qui
751 2381 976 2441 poenitentiamnon
987 2378 1099 2438 gerebat3
1111 2378 1226 2438 quoniam

146 2452 216 2511 enslt3
234 2463 292 2498 nam
313 2451 339 2498 et
356 2451 415 2498 Cain
430 2452 497 2498 recte
513 2451 613 2511 obtulit,
630 2453 671 2499 sed
697 2463 811 2498 veronen
820 2449 934 2497 credebat
943 2447 1115 2505 inebriatum,
1126 2458 1172 2493 nec
1182 2447 1227 2492 lra-

146 2529 195 2565 ιιοιι
215 2521 283 2567 recte
304 2519 403 2579 divisit,
424 2520 529 2579 ideoque
550 2520 614 2567 dixit
633 2521 670 2567 illi
696 2519 770 2566 bebat
785 2516 921 2578 lacrymas?
935 2518 994 2563 llam
1006 2517 1025 2563 si
1038 2515 1179 2573 habuisset,
1192 2515 1227 2560 la-

146 2584 212 2632 Deus
223 2600 230 2631 r
242 2589 269 2634 Si
277 2589 337 2635 recte
353 2589 448 2646 offerus,
459 2600 506 2633 aon
524 2589 583 2633 recte
593 2589 671 2632 autem
695 2589 860 2634 vissetoculos
868 2598 937 2643 suos,
949 2583 1236 2641 utChristumvideret,

146 2653 246 2714 diuidua,
267 2656 379 2715 peccasti,
398 2655 495 2713 quiesce.
515 2655 576 2711 Ergo
590 2654 615 2698 et
631 2652 670 2698 hic
695 2667 769 2712 quem
780 2655 876 2712 adhuc,
894 2665 950 2698 cum
966 2653 1040 2699 simul
1051 2652 1228 2708 accumberet,

144 2722 212 2767 recte
229 2722 332 2782 obtulit,
350 2721 407 2781 quia
416 2720 511 2779 iudicat
520 2716 641 2768 Christum
657 2733 671 2767 a
696 2733 745 2767 uon
756 2720 866 2769 videbat.
878 2722 937 2765 Nam
950 2720 970 2764 si
986 2719 1102 2777 vidisset,
1111 2731 1162 2766 noa
1175 2719 1226 2766 uti-

145 2789 285 2836 christiauis
305 2789 410 2848 amplius
426 2787 596 2848 diligendum
613 2788 672 2847 quia
695 2801 743 2848 que
754 2789 785 2836 de
794 2789 847 2846 ejus
856 2787 976 2847 potestate
987 2785 1134 2835 dubitasset.

143 2858 222 2904 multa
237 2857 307 2903 nobis
320 2855 420 2915 peccata
436 2855 554 2902 donavit:
565 2855 608 2902 sed
623 2868 671 2901 non
727 2856 955 2904 l5.»Nonlrabebat
965 2854 1066 2912 capillos
1076 2854 1226 2913 phariseus,

143 2926 211 2973 recte
220 2923 318 2982 divisit,
329 2924 387 2982 quia
395 2923 491 2982 putavit
499 2923 564 2982 quod
572 2925 671 2982 peccata
696 2925 738 2983 qui
746 2926 885 2971 Nazaraeum
894 2924 956 2970 scire
964 2933 1014 2968 non
1022 2922 1119 2980 poterat
1130 2934 1137 2968 a
1150 2923 1225 2970 lrabe-

143 2992 273 3040 hominum
285 2994 366 3052 posset
375 2992 500 3051 ignorare,
511 2990 555 3052 qui
564 2991 672 3038 homini·
696 2992 737 3039 bat
745 2991 867 3050 Ecclesia,
878 3003 932 3050 quae
940 2992 1079 3036 Nazaraeum
1087 2991 1223 3050 quaerebat.

143 3061 190 3108 bus
201 3059 303 3119 peccata
312 3059 458 3107 dimitteret.
696 3062 782 3120 Capilli
791 3061 870 3107 veluti
882 3061 909 3105 in
922 3058 1052 3117 superfluis
1060 3059 1167 3118 corporis
1179 3072 1224 3106 aes-

175 3129 213 3174 ll.
226 3128 353 3189 »ideoque
366 3128 400 3176 ait
411 3127 504 3175 Simoni
515 3140 523 3173 r
536 3128 672 3177 Videsbanc
696 3129 829 3188 limantur3
848 3125 925 3173 iidem
946 3128 1029 3173 tamen
1048 3126 1070 3173 si
1089 3128 1224 3185 ungantur,

144 3193 282 3242 brutiorem?
308 3197 399 3243 intrusi
424 3196 449 3240 iu
473 3197 568 3241 deorum
588 3197 670 3253 tuum,
696 3198 787 3243 bonum
797 3195 904 3242 reddunt
917 3195 1068 3254 odorem,et
1079 3199 1221 3244 ornamento

143 3275 231 3322 equum
247 3263 343 3322 pedibus
363 3263 420 3310 meis
433 3272 480 3309 uuo
500 3263 580 3310 dedisti
596 3277 604 3309 r
623 3263 671 3309 boec
695 3266 752 3312 sunt
767 3263 842 3322 capiti
855 3275 862 3309 r
876 3262 897 3309 si
907 3273 956 3308 nou
966 3264 1091 3322 ungantur
1101 3264 1169 3323 oleo,
1181 3264 1221 3310 in·

144 3333 222 3377 autem
241 3331 350 3389 lucrymis
362 3332 410 3378 suis
426 3332 510 3390 riparii
518 3332 584 3390 pedes
600 3344 669 3378 ineos.
695 3332 811 3391 graraut3
828 3330 865 3376 ita
881 3331 907 3376 et
921 3329 1017 3377 divitiae
1029 3332 1098 3378 oneri
1114 3332 1184 3391 sunt,
1203 3333 1223 3379 si

144 3399 234 3445 Omnes
245 3410 321 3445 unum
332 3399 618 3459 eorpuscbristisumus,
630 3399 670 3447 cui
695 3400 734 3446 liis
753 3400 789 3447 uti
809 3398 918 3456 nescias,
937 3399 959 3444 si
976 3410 1026 3465 non
1045 3398 1175 3459 adspergas
1192 3398 1225 3445 iis

145 3467 303 3525 caputDeus,
314 3467 513 3513 membraautem
521 3479 564 3514 nos
572 3481 668 3514 sumus:
695 3470 784 3517 Christi
794 3469 904 3516 odorem.
915 3468 941 3514 Si
952 3481 1010 3516 vero
1022 3468 1072 3515 alas
1087 3481 1222 3529 pauperes,

145 3534 187 3581 alii
205 3534 305 3582 tortasse
317 3535 396 3593 oculi,
415 3535 443 3581 ut
453 3535 578 3594 propriata
590 3548 597 3581 r
609 3536 670 3582 den·
694 3538 762 3585 laves
774 3550 858 3584 eorum
870 3538 990 3595 vulnera,
1006 3537 1169 3597 illuviemque
1181 3538 1225 3585 de-

143 3604 196 3663 tes,
206 3604 235 3650 ut
243 3603 360 3662 apostoli,
371 3603 415 3662 qui
423 3603 670 3662 Evangelicaepraedi-
694 3605 787 3662 tergas3
799 3604 890 3651 tersisti
899 3605 985 3662 utique
996 3604 1071 3663 pedes
1086 3606 1184 3653 Christi.

144 3671 246 3718 cationis
256 3672 337 3718 cibum
345 3670 433 3718 nostris
441 3669 554 3716 infudere
566 3671 670 3728 pectori·
725 3673 764 3719 lli.
777 3674 908 3720 »Osculum
927 3674 985 3719 vuilit
998 3686 1046 3720 nou
1063 3677 1144 3724 dedali
1154 3691 1162 3723 .·
1174 3677 1221 3724 lroec

142 3737 202 3797 bus,
224 3739 363 3799 meritoque
385 3738 504 3797 scriptum
525 3736 561 3783 est
577 3750 584 3782 r
604 3739 671 3785 Oculi
694 3743 772 3787 autem
782 3754 812 3787 eac
823 3754 869 3799 orco
879 3742 980 3797 intravi,
992 3754 1040 3788 nou
1050 3747 1145 3791 cessauit
1155 3757 1221 3790 oscu-

141 3810 191 3865 cius
201 3807 287 3854 biturca
297 3821 313 3853 a
320 3808 391 3870 ¹or'ao,
402 3809 424 3853 et
437 3808 514 3853 dentes
523 3807 667 3853 candidiores
694 3808 741 3854 luri
750 3809 815 3868 pedes
824 3819 896 3854 meos.
907 3807 1020 3853 Osculum
1031 3808 1117 3866 utique
1127 3809 1220 3865 insigne

143 3875 209 3921 turcia.
221 3873 281 3919 Sunt
292 3872 318 3920 et
333 3884 419 3920 manus
434 3872 487 3930 eius
504 3873 559 3933 illi,
576 3872 617 3932 qui
628 3872 667 3919 vi·
694 3874 731 3921 est
739 3873 855 3921 caritatis.
868 3870 937 3922 Unde
947 3886 1003 3933 ergo
1012 3876 1096 3922 ludaeo
1104 3876 1222 3931 osculum,

142 3941 232 3989 dentur
248 3940 402 3989 exsecutores
420 3941 537 3989 banorum
557 3953 667 4001 operam.
693 3941 735 4003 qui
746 3954 832 4003 pacem
849 3953 898 3989 nou
908 3942 1064 4002 recognovit,
1084 3942 1125 3998 qui
1137 3952 1221 3999 paceni

142 4009 205 4057 Sunt
213 4010 238 4058 et
248 4010 333 4058 venter
343 4007 456 4069 ejusqui
468 4009 535 4058 uires
547 4010 668 4059 alimoniae
693 4010 810 4059 aClrristo
825 4021 874 4058 ιιοιι
891 4009 985 4068 accepit
1004 4009 1100 4055 dicente
1113 4021 1120 4053 ι
1132 4011 1218 4056 Pacem
