2760 4800
475 367 722 414 arlsrotnalln
737 371 873 419 canests
889 376 910 441 ,¹-
1185 375 1230 424 alb

145 444 365 505 praetergrediens,
376 445 407 493 ad
422 448 479 509 coeli
494 450 543 496 alta
553 463 581 497 se
597 451 681 511 dirigit
705 454 814 510 gemunt.
826 453 917 501 cameli
930 453 1019 514 praeter
1034 455 1159 506 subeundi·
1172 472 1233 506 onc-

145 513 679 592 studiooognitionis,etardoresapientiae3
705 522 1233 585 risobsequia,tondendosseexhibent,ut

145 581 192 628 uhr
206 583 333 642 paulisper
348 583 500 642 stupetactus
517 587 680 650 admiratione
705 590 808 649 arietes;
818 592 1000 650 quavelutregi
1011 593 1107 640 diversa
1116 596 1232 642 animalia

145 650 275 696 stellarum
294 652 445 710 coelestium,
458 654 484 701 et
499 654 620 701 luminum
638 655 680 702 de-
705 659 824 706 trihutum
837 673 909 706 suurn
921 660 1060 718 conterant,
1072 662 1231 721 pendantque

146 718 253 766 lactatus
269 720 394 779 claritate,
407 722 559 781 prospiciens
575 723 680 782 desuper
704 727 809 784 vectigal
828 739 947 774 annuum.
964 730 1046 788 Equus
1061 729 1128 777 tanto
1145 742 1170 775 so
1179 730 1232 786 jac·

146 787 276 834 mundana
288 789 347 848 ista,
360 789 596 850 conferensquoque
612 803 638 838 se
649 792 680 838 ad
704 795 757 839 taus
779 796 877 853 equite,
894 797 1013 854 glomerat
1030 808 1126 856 gressus
1144 807 1232 854 super·

147 854 287 915 llesperum
303 857 378 917 atque
389 859 532 917 Arcturum,
544 862 570 906 et
580 861 680 907 caeteros
703 861 760 920 hos,
771 864 843 921 atque
854 863 885 910 ad
896 864 995 910 Domini
1008 864 1152 912 adscensum
1161 863 1231 910 dorsa

147 922 204 970 illos
220 922 318 979 απλανεῒς
331 923 455 985 elevarae,
474 930 501 975 et
515 928 601 975 videus
615 928 680 988 quod
703 929 828 989 sinuatus,
840 931 913 978 herili
926 932 994 990 terga
1004 933 1138 981 substernit
1149 931 1230 980 sedili.

99 1000 108 1008 ·
147 992 282 1042 inoffensus
304 994 349 1040 ille
371 995 403 1041 sit
423 1008 502 1056 error,
525 1010 599 1056 quem
625 996 678 1042 sine
703 998 751 1044 Sed
761 1011 793 1046 ne
805 999 867 1046 torte
878 1000 957 1047 adhuc
965 1001 1062 1047 moveat
1072 1001 1138 1059 quod
1148 1001 1231 1047 novis·

148 1071 246 1119 errore,
261 1075 311 1121 quo
326 1064 403 1122 magis
421 1065 504 1110 omnia
519 1065 623 1122 obeant,
639 1063 679 1108 in·
703 1067 780 1115 simus
791 1068 862 1115 homo
873 1068 951 1114 factus
961 1068 1007 1126 sit,
1019 1068 1086 1115 idem
1097 1081 1174 1128 equus
1185 1079 1230 1114 uos

146 1128 235 1204 texere
252 1130 325 1189 atque
343 1132 458 1179 oberrare
469 1133 616 1190 videantur3
627 1143 678 1177 ma·
703 1136 787 1183 doceat
805 1149 853 1182 non
868 1136 900 1183 ad
916 1136 1106 1184 contemtionem
1120 1135 1230 1183 reteren-

145 1207 199 1254 Jore
209 1200 379 1258 aecupiditate
391 1201 486 1248 adtollit
497 1202 614 1260 adipsum
623 1213 678 1258 gre·
702 1205 760 1250 dum
773 1217 841 1264 esse,
858 1206 902 1252 sed
918 1206 1044 1253 honorem.
1055 1205 1138 1252 Portet
1148 1206 1230 1264 poste·

146 1265 225 1312 mium
235 1267 326 1328 Patris,
338 1269 363 1315 in
374 1282 422 1329 quo
435 1270 472 1316 est
483 1269 624 1329 unigenitus
631 1271 676 1317 Dei
702 1273 792 1321 riorem
802 1287 887 1333 suum,
898 1287 944 1321 nec
960 1273 1080 1333 despicit,
1092 1273 1136 1321 sed
1150 1273 1230 1320 retor-

147 1333 224 1382 Filius
235 1348 350 1385 enarrans
361 1338 456 1385 secreta
466 1339 525 1394 Dei,
537 1339 562 1384 et
572 1337 635 1384 tacie
647 1339 678 1385 ad
701 1342 793 1400 midat,
813 1344 838 1390 et
857 1356 902 1402 per
924 1342 1022 1390 diversa
1041 1353 1099 1390 eum
1117 1353 1161 1389 suo
1180 1341 1230 1387 cir-

147 1402 237 1451 iaciem
254 1408 338 1465 postea
355 1405 576 1454 revelanda.ch
594 1408 677 1452 tamen
701 1411 806 1457 comfort
823 1411 915 1458 labore.
938 1411 991 1457 Uno
1012 1410 1136 1456 momento
1156 1409 1229 1455 homo

148 1471 238 1530 quihus
246 1475 376 1534 dignatur,
388 1488 420 1522 ex
430 1476 502 1534 parte
511 1475 676 1533 demonstrat,
701 1480 833 1538 longinqua
849 1479 916 1537 obit,
928 1478 1089 1527 circumerrat
1097 1478 1228 1536 enuntia,

147 1540 220 1600 atque
229 1542 255 1588 in
262 1543 404 1603 aenigmate,
413 1544 536 1601 simulque
544 1544 575 1590 de
584 1543 677 1602 Spiritu
701 1548 753 1594 tum
764 1547 834 1607 equis
844 1547 1026 1608 singularibus,
1041 1547 1095 1594 tum
1101 1546 1229 1607 ¹quadrigis

147 1609 172 1655 et
183 1610 254 1658 vultu
265 1624 309 1658 suo
319 1612 474 1672 splendorem
485 1613 599 1671 luminis,
607 1624 676 1659 more
701 1616 900 1676 triumphalibus.

145 1679 262 1726 torrentis
286 1680 404 1739 effundit3
423 1680 451 1727 nt
474 1692 504 1727 eo
522 1680 676 1727 illuminatus
731 1686 768 1733 l8.
781 1688 811 1733 Et
823 1687 941 1746 quoniam
955 1685 1118 1745 triumphales
1133 1697 1228 1731 memo.

146 1745 213 1793 dicat
222 1759 229 1792 a
237 1749 270 1795 Et
277 1751 327 1797 eret
336 1751 396 1808 ignis
405 1751 581 1808 flarnmigerons
589 1750 613 1794 in
620 1750 677 1795 osai·
700 1755 753 1799 ravi
763 1754 904 1813 quadrigas,
916 1766 1017 1801 necesse
1025 1755 1063 1801 est
1072 1752 1188 1800 adtexam
1196 1754 1228 1802 iis

147 1815 189 1864 bus
201 1818 270 1874 meis,
285 1820 307 1864 et
322 1819 444 1865 dissolutus
459 1830 511 1865 sam
528 1818 643 1875 undique,
652 1818 676 1876 et
700 1833 786 1867 currus
803 1823 879 1878 Elias,
895 1817 985 1880 quibus
1003 1833 1048 1879 per
1067 1833 1125 1867 aera
1141 1822 1229 1869 vectus

145 1883 208 1940 ferre
215 1897 264 1932 non
271 1899 373 1945 possum.
381 1887 411 1932 ut
417 1885 496 1931 David
506 1885 556 1930 ait:
567 1887 602 1930 De
610 1884 675 1931 ovito
699 1890 749 1947 est,
759 1889 960 1947 elephantorum,
968 1888 1138 1947 quibushomo
1147 1889 1227 1935 victor

146 1953 307 2012 taojodr'eium
318 1967 395 2000 meum
405 1954 511 2013 prodem-
699 1955 831 2014 adsistens,
846 1968 902 2002 cum
917 1956 949 2002 sit
964 1956 1117 2014 postremus,
1132 1956 1227 2014 priores

176 2020 214 2067 ld.
226 2022 278 2069 lloc
290 2021 365 2082 igitur
377 2021 468 2067 mentis
483 2020 581 2078 vigore,
592 2019 621 2065 ut
634 2031 675 2065 re-
698 2023 772 2081 regit.
790 2024 830 2069 Sic
843 2035 940 2083 quoque
956 2022 1102 2082 gubernator
1117 2022 1190 2069 navis
1200 2023 1227 2069 iu

144 2089 229 2136 vertar
239 2089 306 2136 unde
316 2090 439 2149 digressus
450 2101 518 2146 sum,
529 2099 577 2146 quo
593 2087 618 2132 et
629 2097 675 2132 ex·
698 2091 775 2150 puppi
784 2091 869 2149 sedet,
881 2093 907 2137 et
916 2091 1087 2138 totamnavem
1097 2090 1226 2148 gubernat.

145 2158 216 2205 terna
232 2159 340 2218 subigit,
350 2161 376 2207 et
395 2159 505 2218 separata
522 2156 548 2203 et
559 2155 674 2202 distantia
698 2157 767 2205 Unde
786 2159 846 2218 puto
864 2158 927 2204 iilud
945 2169 995 2204 non
1010 2158 1114 2205 otiosum
1130 2169 1182 2204 esse
1199 2159 1226 2205 in

145 2228 224 2290 videt,
232 2230 383 2278 etvalidiora
391 2228 610 2277 viribusanimalia
618 2227 674 2274 sub-
697 2225 1226 2287 Evangelio,quodllomiuuslesusinpuppi

144 2295 213 2357 jacit,
227 2297 321 2345 tantam
333 2298 429 2346 raeteris
439 2296 624 2345 venerationem
634 2295 673 2341 sui
698 2294 834 2342 dormiebat
844 2307 852 2340 a
866 2295 972 2354 denique
984 2293 1107 2341 excitatus
1117 2293 1225 2352 impera-

144 2364 283 2424 infudit3ut
289 2367 401 2414 certatim
409 2367 478 2424 quasi
487 2364 538 2424 regi
545 2364 672 2422 obediant,
697 2364 734 2410 vit
744 2366 818 2412 vento
828 2365 854 2412 et
863 2365 941 2422 mari,
952 2365 978 2411 et
988 2364 1084 2411 sedavit
1093 2363 1226 2423 tempesta-

144 2435 199 2481 voci
207 2436 260 2492 ejus
268 2435 444 2483 obsecundent.
453 2435 484 2481 at
492 2434 672 2481 cumsiutirra-
696 2432 763 2490 tem,
786 2432 918 2479 ostendens
939 2430 997 2478 ideo
1018 2430 1224 2479 securissimum

144 2503 284 2563 tionabilia,
298 2505 420 2552 rationem
431 2505 574 2563 agnoscant,
586 2504 612 2550 ot
622 2503 673 2549 dis·
695 2501 807 2561 vonisse,
818 2499 1147 2561 quiagubernatorvouerit.
1155 2493 1230 2546 Undo'

144 2573 260 2631 cipliuam
269 2587 323 2621 earn
335 2571 493 2632 imprimant,
502 2571 671 2630 quarnnatura
696 2569 823 2630 Apostolus
841 2569 877 2616 ait
887 2583 894 2615 a
905 2572 992 2617 Factae
1007 2571 1040 2616 est
1053 2569 1144 2628 primas
1155 2569 1224 2616 iaovrro

143 2652 193 2688 uon
203 2641 298 2689 tribuit.
307 2640 419 2698 Denique
428 2638 542 2686 videntes
550 2638 608 2684 teras
619 2639 672 2696 eius
696 2637 773 2683 Adam
782 2640 807 2684 tv
822 2639 929 2684 ocimum
941 2639 1071 2691 uirentem,
1086 2637 1224 2685 vocissimus

143 2710 369 2767 mansuetudinem,
381 2707 434 2765 ejus
445 2706 671 2764 imperiomansue·
695 2705 773 2751 Adam
788 2706 814 2750 ia
828 2705 935 2762 spiritum
944 2704 1107 2760 vivificantem.
1119 2705 1162 2750 Sed
1176 2717 1225 2750 nov
1310 2747 1318 2765 s

143 2780 223 2825 scunt.
232 2778 301 2837 Saepe
310 2775 492 2835 suspenderunt
502 2784 596 2818 morsus
606 2784 671 2831 suos,
693 2775 759 2832 priua
767 2773 986 2832 quodsptritelecst,
993 2773 1032 2818 aed
1039 2773 1100 2830 quod
1108 2774 1223 2828 animale,

142 2847 274 2894 revocante
284 2857 342 2891 sono
351 2844 417 2895 vocis
425 2843 547 2889 humanae.
556 2841 672 2888 Videmus
695 2841 773 2887 deinde
781 2839 965 2900 quodspirr'tate3
977 2838 1002 2885 et
1009 2836 1105 2885 addidit
1114 2851 1121 2883 a
1129 2841 1224 2886 bemus

142 2914 245 2961 innoxio
259 2926 346 2961 canum
358 2912 432 2959 dente
444 2912 540 2969 lepores
550 2909 603 2956 sine
615 2911 672 2957 vul·
695 2911 763 2956 bomo
774 2911 800 2956 de
812 2911 877 2956 terro
895 2910 1014 2965 terrenas,
1028 2907 1140 2955 naudus
1154 2907 1224 2956 hovae

142 2995 203 3031 nere
215 2983 269 3043 capi
281 2997 287 3028 z
300 2983 384 3029 leones
394 2992 489 3040 quoquc
501 2979 580 3038 ipsos,
591 2979 611 3025 si
623 2991 671 3026 vox
695 2980 722 3024 do
734 2978 791 3024 coelo
800 2977 903 3024 caelestis.
1070 2984 1076 2989 ·

143 3051 250 3100 hominis
271 3050 442 3107 resultaverit,
461 3049 568 3108 praedam
587 3047 671 3094 dimit·
725 3044 1223 3104 tanecleergonovisstmusquasrlolius

141 3129 196 3172 tere
207 3137 214 3170 a
224 3122 310 3183 pardos
320 3123 394 3180 atque
404 3132 473 3167 ursos
482 3118 581 3165 incitari
592 3130 620 3164 ac
631 3130 671 3166 re·
694 3128 789 3163 summa
809 3115 891 3175 operis
903 3147 911 3173 ,
936 3114 1006 3174 quasi
1028 3125 1100 3160 causa
1110 3112 1203 3159 mundi
1214 3145 1222 3170 ‚

142 3193 224 3241 vocari
236 3191 352 3239 vocibus:
362 3201 437 3249 equos
446 3189 533 3248 plausu
542 3187 670 3233 hominum
693 3185 877 3246 propterquam
893 3181 958 3229 tacta
973 3181 1032 3230 sunt
1048 3180 1142 3240 omnia;
1153 3181 1222 3240 quasi

142 3261 263 3319 fremere,
275 3259 375 3307 silentio
385 3257 485 3305 mollire
496 3267 595 3303 cursum
607 3268 613 3300 a
625 3256 670 3302 de·
694 3254 802 3301 omniurn
823 3252 945 3299 habitator
962 3251 1142 3298 elementorum
1157 3249 1223 3296 inter

142 3331 218 3390 nique
236 3341 300 3389 saepe
320 3327 372 3374 sine
390 3327 495 3374 verbere
518 3325 670 3384 praetereunt
692 3322 756 3372 teras
766 3321 844 3381 vivit,
860 3334 917 3368 cum
931 3320 1041 3381 piscibus
1055 3317 1137 3376 natat,
1148 3329 1223 3377 super

142 3398 296 3455 verberatos,
307 3396 342 3443 ita
351 3395 525 3443 vehementius
539 3393 596 3441 illos
606 3393 670 3440 inci-
692 3404 749 3439 aves
764 3390 846 3448 volat,
866 3388 1024 3437 conversatur
1034 3398 1090 3434 eum
1106 3387 1221 3446 Angelis,
1237 3443 1239 3447 Α

142 3466 178 3515 tat
186 3464 278 3525 lingue
287 3463 423 3522 hagellum.
692 3460 783 3508 terram
796 3450 933 3515 inhabitat,
946 3457 973 3503 et
983 3453 1159 3512 coelomiiitat,
1171 3455 1221 3502 sul-

173 3535 212 3580 ti.
227 3533 291 3591 Quid
301 3544 360 3580 vero
372 3530 555 3577 demunerihns
568 3529 670 3589 loquar?
693 3530 732 3576 cat
749 3541 830 3584 mare,
849 3538 905 3572 aere
924 3525 1045 3584 pascitur,
1064 3524 1144 3570 cultor
1160 3521 1220 3580 soli,

142 3601 223 3650 Nutrit
232 3600 296 3647 aries
304 3598 450 3656 vellera,ut
457 3598 554 3656 placeat
561 3596 668 3642 homiui:
693 3597 773 3643 viator
789 3592 917 3654 profundi,
932 3591 1039 3651 piscator
1050 3592 1076 3638 in
1088 3590 1219 3647 tluctibus,

142 3672 215 3731 atque
231 3669 258 3716 iu
274 3668 350 3716 fluvio
369 3668 504 3724 mersatur,
519 3666 548 3711 ut
561 3662 669 3710 nitorem
693 3663 721 3709 in
733 3675 790 3709 aere
801 3672 905 3719 anceps,
919 3656 946 3704 in
955 3659 1016 3705 coslo
1028 3659 1121 3716 haeres,
1132 3657 1220 3705 Christi

98 3774 108 3795 ,
143 3739 238 3798 augeat.
259 3738 322 3784 Oves
342 3747 440 3796 qnoque
460 3732 562 3780 meliora
580 3732 670 3791 pabula
695 3731 811 3780 cohaeres.
823 3727 1187 3776 liaecsacundnmiudustriarn.
1215 3760 1221 3768 .

142 3808 242 3866 legunt,
253 3806 399 3852 utsuaviore
406 3798 671 3852 succolactistoetadis·
724 3798 763 3846 20.
774 3797 863 3856 Accipe
873 3793 948 3842 etlam
958 3794 1025 3855 quod
1033 3807 1106 3854 snpra
1115 3789 1220 3839 hominis

142 3874 243 3923 tendant
251 3873 343 3919 uhera:
356 3872 462 3919 subeunt
469 3868 551 3930 partus
559 3868 670 3924 dolores,
694 3865 861 3915 substantiam.
872 3865 966 3924 Moyses
980 3864 1006 3911 iu
1022 3863 1071 3910 imo
1085 3859 1220 3907 ambulavit

143 3943 172 3990 ut
186 3942 279 3989 homini
297 3953 342 3987 sua
360 3951 463 3986 munera
479 3938 576 3985 feriant.
595 3935 669 3983 Tauri
694 3935 767 3992 mari,
778 3936 802 3979 in
814 3944 907 3979 summo
919 3931 1029 3989 apostoli.
1042 3928 1152 3973 ilabaouc
1164 3925 1217 3971 sine

142 4009 263 4072 depresso
274 4006 348 4058 sulcis
364 4019 408 4069 per
421 4008 501 4055 totum
512 4007 577 4054 diem
590 4007 669 4054 aratro
695 4003 782 4064 pennis
796 4000 895 4054 volavit.
912 3998 976 4045 Elias
990 3998 1017 4042 in
1029 3996 1092 4041 terra
1104 3991 1180 4049 vicit,
1192 3990 1219 4039 et
