2746 4800
374 387 415 431 un
430 387 509 434 arun
523 389 839 446 unsunnscrrours,
854 396 953 440 ursan
968 397 1000 441 rr.
1026 366 1034 384 ‘
1185 392 1228 441 sor

149 461 223 523 bant3
235 462 380 524 tegebantur
388 469 468 529 oculi,
490 471 533 518 sad
549 470 675 519 videbant.
700 472 784 520 statiua
794 474 911 534 loquutus
926 479 972 525 est.
994 477 1048 525 dila
1065 489 1121 537 ergo
1133 477 1232 526 virtutis

149 529 254 580 Videbat
272 532 380 596 denique
397 538 441 596 qui
459 540 616 598 resurgebat,
632 539 675 599 qui
701 543 792 602 gratia,
804 543 934 594 aliusordo
944 547 1046 595 naturae.

126 657 130 663 ⁴
146 599 303 678 ambulabat,
321 604 364 665 qui
379 605 509 655 deserebat
524 609 674 667 sepulcrum.
730 609 770 657 82.
785 613 844 659 Nam
855 614 915 674 quid
926 615 956 663 de
975 608 1162 675 archisynagogi
1180 613 1230 660 dlia

146 666 245 719 Virtute
256 672 322 720 enim
332 673 424 723 divinas
435 677 605 736 preceptionis
616 690 676 737 ope-
700 677 795 739 loquar,
814 681 839 728 iu
855 683 924 741 cujus
939 685 1009 732 obitu
1028 683 1121 730 debant
1135 674 1229 737 turba,

135 737 236 799 nanu,
264 742 352 789 natura
372 756 443 791 suum
465 757 515 791 non
535 745 675 805 requirebat
700 745 816 796 tibicines
824 753 1000 810 personabant
1012 752 1108 799 Etenim
1117 750 1148 797 ad
1156 749 1229 796 tidem

143 802 269 870 officium3
278 812 303 859 et
311 811 435 871 tamquam
442 812 468 859 in
477 825 579 861 excessu
588 815 675 874 posita,
699 813 785 861 mortis
792 827 881 877 pompa
891 809 984 867 toneris
995 818 1138 868 exhibetur.
1149 816 1227 874 Quam

95 876 97 881 ’
130 875 257 934 ·¹10ujam
273 892 317 927 suo
333 881 430 940 ordini,
445 882 488 931 sed
503 881 587 930 divino
602 883 675 930 nutui
700 880 749 928 cito
765 883 797 930 ad
810 898 896 934 rocam
908 889 1005 936 Domini
1015 885 1229 944 convertitur-spi·

144 944 279 996 serviebat
298 949 486 1011 Rumpebantur
503 951 571 1010 prius
589 953 675 1000 mortis
694 949 776 1009 ritus,
787 955 1023 1018 redivivumcorpus
1033 956 1145 1015 erigitur,
1159 953 1228 1001 cibus

143 1018 675 1081 quamsepulturaevineula:agebaturprius
698 1019 815 1080 semitam
834 1023 863 1071 ut
877 1024 939 1074 vitas
956 1025 1124 1075 testimonium
1143 1021 1228 1069 crede·

143 1095 219 1142 quam
230 1089 362 1147 parabatur
371 1088 489 1137 incessus.
543 1086 546 1092 ’
699 1089 775 1137 ratur.

175 1154 216 1202 ru.
230 1155 256 1204 Si
266 1155 364 1204 miraris
373 1157 440 1216 baec,
451 1157 520 1205 disce
533 1157 588 1217 quis
597 1156 674 1216 impe·
706 1198 707 1202 ,
729 1156 768 1203 85.
788 1160 817 1207 st
832 1163 894 1222 quid
908 1165 1027 1216 miremur
1037 1165 1067 1212 ad
1077 1174 1164 1212 vocem
1178 1159 1226 1208 Del

142 1224 251 1283 raverit,
261 1227 290 1274 ut
299 1227 383 1274 mirari
394 1226 500 1274 desinas.
511 1227 581 1274 iesus
591 1226 674 1273 Chris-
698 1224 917 1294 refundianimam,
928 1235 1009 1283 redire
1017 1234 1112 1283 ossibus
1117 1232 1227 1288 viscera3

143 1295 199 1354 tus,
211 1294 259 1342 liei
273 1296 366 1356 virtus,
376 1297 444 1355 vita,
455 1296 515 1353 lux,
526 1295 673 1342 resurrectio
698 1300 1164 1363 commeminerimuspropheticitactu
1175 1308 1228 1344 cor»

142 1364 296 1412 mortuorum
311 1378 319 1413 a
333 1366 414 1414 virtus
431 1365 513 1414 erexit
532 1364 673 1425 iacentem,
698 1362 763 1420 poris
771 1369 894 1417 mortuum
901 1369 1131 1419 suscitatumtblias
1138 1365 1227 1423 oravit,

142 1433 196 1499 vita
206 1445 315 1495 prauum
330 1435 435 1494 extulit,
445 1435 490 1481 lux
501 1433 594 1493 fugavit
604 1434 673 1480 tene·
698 1431 723 1478 et
733 1430 876 1486 defunctum
893 1442 1020 1490 suscitavit
1030 1438 1149 1488 infantem
1161 1448 1168 1481 τ
1179 1435 1226 1480 Pe·

142 1501 213 1562 bras,
234 1504 358 1563 reparavit
375 1504 503 1561 obtutum,
525 1501 672 1551 resurrectio
697 1499 750 1547 trus
762 1503 787 1550 ln
802 1508 901 1557 nomine
918 1510 1006 1558 Christi
1022 1508 1152 1557 l'abitlraru
1172 1514 1225 1551 sur·

142 1568 246 1638 vivendi
259 1571 361 1630 qratiam
372 1569 525 1618 reformavit.
696 1579 753 1626 gere
764 1573 838 1632 atque
854 1578 979 1626 ambulare
990 1576 1121 1639 pracepit,
1132 1575 1159 1621 et
1168 1571 1226 1619 red·

170 1637 212 1686 tt).
223 1639 332 1688 Fortasse
342 1645 440 1689 moveat
449 1638 514 1700 quod
522 1637 599 1686 iudaei
610 1636 672 1698 lapi·
697 1635 773 1687 ditam
784 1643 831 1690 sibi
848 1657 969 1706 pauperes
983 1646 1097 1707 gratulati
1114 1640 1224 1690 credide·
1264 1685 1271 1691 .

135 1707 200 1756 <dem
210 1709 404 1770 tollunt,Judail
415 1710 511 1758 institas
519 1709 670 1766 solvunt3ne
696 1709 754 1756 runt
769 1715 961 1776 proalimentis3
982 1717 1007 1764 et
1022 1728 1066 1763 nos
1083 1713 1162 1760 adhuc
1179 1721 1224 1770 pro
1325 1757 1327 1761 ,

141 1776 207 1825 forto
217 1779 245 1827 et
258 1779 287 1826 tu
296 1779 416 1827 sollicitus
430 1778 480 1837 sis,
497 1776 554 1837 quis
562 1774 670 1835 lapidem
696 1777 773 1826 salute
789 1794 837 1829 non
853 1783 993 1833 credimust
1011 1785 1051 1830 llll
1065 1779 1224 1830 resurrectio-
1298 1805 1300 1808 v

141 1846 173 1894 de
190 1847 351 1896 monumento
365 1848 409 1895 tuo
422 1847 502 1894 tollat.
520 1844 594 1904 Quasi
610 1854 670 1891 vero
695 1858 753 1893 nem
762 1850 869 1898 alienam
877 1853 928 1901 suis
936 1853 1049 1913 lacrymis
1058 1846 1227 1906 redemerunt,

140 1915 185 1976 qut
201 1916 315 1976 spiritum
327 1915 459 1964 retundere
475 1914 588 1975 poterat,
606 1910 670 1970 lapi·
694 1924 738 1960 nos
748 1918 855 1965 nostram
867 1930 913 1968 nec
929 1921 1017 1968 Christi
1032 1919 1156 1966 credimus
1169 1926 1224 1974 pas-

138 1989 390 2036 demremovereuon
400 1984 513 2046 poterat:
522 1981 670 2030 autrincula
695 1980 778 2028 sione?
792 1985 838 2043 Qui
850 2001 906 2035 cum
916 1988 1044 2036 emitteret
1053 1985 1181 2046 spiritum,
1196 1983 1224 2028 ut

140 2063 274 2118 rumpere,
288 2057 333 2118 qui
347 2055 460 2104 vinctum
477 2051 568 2100 fecorat
584 2049 670 2097 ambu-
694 2051 834 2102 ostenderet
848 2069 892 2116 pro
907 2059 988 2104 nostra
1002 2053 1181 2104 resurrectione
1196 2062 1222 2097 se
1321 2094 1324 2100 .

140 2128 193 2174 lare
204 2139 212 2172 a
223 2125 266 2173 aut
273 2124 402 2184 deoperire
413 2122 515 2180 taciem,
526 2119 570 2180 qui
578 2116 670 2177 apertis
695 2121 832 2182 mortuum,
848 2126 938 2173 seriem
948 2126 1026 2186 ipsam
1038 2118 1223 2171 resurrectionis

140 2193 311 2243 oculislumeu
319 2191 444 2241 infuderat
454 2205 462 2236 r
474 2187 617 2237 autdndere
627 2199 670 2246 pe·
695 2190 819 2249 exercuit3
832 2192 905 2239 simul
914 2194 982 2240 euim
990 2195 1017 2240 ut
1025 2191 1222 2240 ctcmunaiterum

139 2266 218 2323 tram,
234 2263 276 2324 qui
288 2261 384 2322 poterat
394 2261 527 2309 reformare
541 2256 671 2305 naturam?
694 2271 747 2306 voce
764 2273 851 2321 meque
871 2265 946 2312 emisit
965 2264 1093 2324 spiritum,
1114 2261 1143 2314 ct,
1159 2261 1222 2305 turre

140 2332 189 2381 Sed
204 2331 232 2380 ut
242 2332 283 2379 vel
298 2330 378 2378 oculis
388 2329 447 2377 -suis
463 2327 607 2386 crederent,
625 2326 668 2386 qul
693 2331 758 2375 motu
766 2332 812 2387 ert,
824 2334 926 2394 cipetra
938 2334 1013 2381 scissos
1023 2333 1090 2388 suut,
1101 2333 1123 2378 et
1137 2340 1221 2375 mouu-

141 2401 242 2450 credere
257 2396 669 2458 montenoleumt,removentu-
693 2399 772 2444 mcata
792 2402 874 2459 operto
891 2403 961 2458 auat,
983 2404 1005 2449 et
1026 2400 1102 2447 marito
1123 2408 1221 2456 corporo

139 2470 239 2530 pidem,
254 2469 343 2519 vident
357 2468 472 2526 caclaver,
491 2465 603 2513 ioetorem
614 2477 669 2513 sen·
693 2468 826 2514 sauctorum
834 2470 997 2518 dormientium
1004 2468 1192 2522 resurrexerunt,
1200 2467 1222 2512 et

141 2539 221 2599 tiunt,
237 2537 335 2586 institas
354 2535 479 2597 rumpunt.
498 2536 551 2583 Nou
566 2535 669 2594 possunt
692 2537 801 2583 excuntes
815 2537 842 2584 de
853 2542 1003 2586 monumento
1011 2540 1063 2598 post
1073 2537 1221 2583 resumatis-

139 2619 233 2668 uegare
252 2605 410 2663 deiunctum,
436 2616 510 2664 quem
531 2601 669 2661 adspiciunt
692 2616 746 2651 uem
755 2606 805 2662 ciue
816 2611 928 2655 emerunt
938 2610 964 2655 iu
972 2610 1079 2656 saucium
1092 2606 1219 2659 civitatem,

140 2678 324 2736 resurgentem
343 2673 429 2722 vident
439 2674 507 2734 signa
523 2671 626 2729 mortis,
643 2672 668 2718 et
692 2674 977 2736 etmultiaapparuerunt.

139 2746 199 2795 vitas
212 2757 325 2794 munera.
343 2743 408 2802 Quid
425 2734 446 2791 si
464 2743 523 2789 dum
541 2742 667 2801 conantur,
722 2739 761 2790 84.
773 2743 798 2789 Si
810 2744 863 2792 baec
878 2746 1020 2804 factasunt,
1032 2743 1222 2793 cumemitteret

137 2814 221 2862 labore
237 2814 291 2875 ipso
307 2809 486 2861 emendantur?
501 2809 562 2870 quid
576 2809 597 2856 si
609 2809 668 2857 dum
693 2811 821 2870 spiritum,
848 2826 893 2861 cur
912 2813 1066 2862 incredibilia
1091 2815 1220 2872 putamus,

138 2883 256 2944 audiunt,
266 2882 308 2932 vel
316 2883 416 2930 auribus
424 2880 475 2927 suis
483 2876 601 2927 credunti
609 2879 667 2939 quid
692 2893 749 2927 curn
760 2882 841 2929 redire
855 2883 959 2942 coeperit
969 2882 1000 2928 ad
1012 2879 1149 2939 judicium?
1159 2891 1221 2939 prae-

139 2953 160 3000 si
170 2952 230 3000 dum
241 2951 379 3010 intuentur,
390 2950 431 2998 vel
442 2948 519 2996 oculis
530 2947 580 2995 suis
591 2947 668 2995 corri·
692 2949 777 2996 sertim
796 2961 852 2996 cum
870 2950 921 2998 baec
932 2949 1078 3009 resurrectio
1090 2949 1222 3009 documen·
1250 2976 1258 2991 .

138 3019 313 3081 qunturtqnid
323 3021 344 3068 ei
355 3020 414 3067 dum
424 3015 544 3077 rumpunt
555 3016 667 3077 vincula,
693 3016 746 3064 tum
771 3018 840 3065 illius
861 3019 1060 3077 resurrectionis,
1088 3017 1113 3064 et
1133 3017 1221 3065 futuras

138 3089 234 3137 ruentes
244 3100 301 3136 suas
311 3086 424 3136 solvunt?
441 3085 502 3146 quid
517 3085 538 3134 si
549 3084 608 3133 dum
623 3087 668 3132 La·
692 3085 725 3133 sii
736 3085 847 3135 veritatis
858 3087 1002 3146 exemplum
1021 3099 1027 3132 ε
1046 3085 1128 3132 minus
1138 3084 1220 3132 autem

138 3155 332 3215 aarusexultur,
343 3156 449 3216 populus
458 3153 594 3202 liberaturi
610 3155 667 3201 dum
693 3157 835 3215 exemplum
844 3155 895 3213 est,
907 3167 981 3216 quam
991 3154 1093 3203 veritas.
1104 3155 1165 3213 Quis
1176 3154 1221 3214 igt-

138 3219 334 3272 Lazarumabire
343 3224 506 3285 permittunt,
520 3222 568 3282 ipsi
582 3223 667 3271 adbo·
692 3225 733 3271 tur
753 3225 779 3271 in
801 3225 900 3272 Domini
923 3225 1036 3285 passione
1062 3224 1220 3272 monumenta

138 3293 233 3340 minum
258 3291 434 3341 revertuntur?
455 3292 568 3351 Denique
595 3292 666 3339 ruultl
692 3294 805 3353 aperuit,
824 3307 923 3342 manuam
938 3295 1123 3355 resurgentibus
1140 3294 1221 3354 dedit,

138 3361 182 3422 qui
192 3363 312 3410 venerant
323 3363 353 3409 ad
363 3362 478 3421 llariam,
489 3360 604 3409 videntes
612 3373 667 3421 quaa
692 3363 757 3408 viam
767 3376 814 3422 qua
826 3365 952 3411 civitatem
968 3365 1076 3411 sanctam
1092 3365 1219 3424 peterent,

137 3429 284 3490 factasunt,
299 3431 467 3478 crediderunt.
692 3430 881 3478 demonstravitt
890 3432 916 3478 Si
927 3444 999 3479 nemo
1008 3432 1070 3492 fnit,
1080 3432 1127 3479 fuit
1136 3433 1221 3493 utique

166 3499 207 3548 di.
217 3499 268 3547 Nec
284 3499 330 3546 boc
341 3499 420 3546 solum
436 3500 578 3560 exemplum
590 3500 667 3548 edidit
691 3500 730 3547 vis
741 3500 840 3562 divina,
851 3515 906 3561 quae
921 3501 1067 3562 operaretur
1077 3503 1102 3548 in
1115 3503 1221 3562 corpori·
1297 3502 1301 3507 '

137 3565 667 3628 DominusuosteriesusChristus;sedatius
692 3567 738 3616 lius
759 3571 920 3618 mortuorum.
947 3571 1059 3618 llominis
1080 3572 1108 3617 tu
1132 3569 1220 3631 quaeris

137 3646 234 3698 quoque
245 3638 415 3696 resuscitavit,
431 3638 460 3685 ut
470 3650 513 3685 nos
529 3638 570 3687 vel
581 3652 668 3687 exem-
692 3638 826 3697 auxilium,
839 3639 882 3686 ubi
898 3652 959 3699 opus
975 3640 1023 3686 Dei
1034 3637 1129 3687 cernis?

137 3704 185 3764 plis
200 3704 357 3753 uberioribus
368 3705 533 3754 crederemus.
552 3707 667 3754 Resusci·
721 3707 761 3754 85.
772 3709 823 3754 Non
832 3708 906 3768 egeni
916 3709 1030 3756 humanis
1041 3709 1125 3756 divina
1135 3709 1220 3756 minis·

137 3773 199 3822 tavit
216 3774 398 3823 adolescentem
408 3775 469 3822 tletu
485 3776 567 3824 viduae
583 3777 667 3825 matris
691 3775 771 3824 tertis.
787 3777 880 3824 emtum
892 3777 958 3824 Deus
968 3777 1021 3824 fiori
1031 3777 1118 3836 jussit,
1134 3778 1159 3824 et
1169 3777 1220 3824 tac-

138 3843 259 3903 inflexus,
267 3845 363 3904 quando
370 3846 504 3894 accessitet
511 3846 594 3906 tetigit
602 3848 667 3895 locu·
691 3845 745 3894 tum
752 3845 802 3892 est:
809 3847 899 3894 terram
909 3846 987 3894 creari
996 3846 1096 3903 statuit,
1106 3847 1131 3892 et
1139 3846 1220 3891 creata

137 3911 203 3971 lum,
212 3911 666 3978 dicens:Adoteacms,tibidicosurqe.·
692 3916 738 3964 est.
758 3916 817 3973 Quis
828 3916 938 3964 humeris
948 3927 1007 3964 sara
1019 3912 1149 3962 convexit?
1165 3912 1219 3971 quis

137 3983 156 4027 et
166 3982 249 4029 recedit
260 3984 300 4042 qui
310 3986 360 4029 mat
375 3985 495 4039 mortuus,
514 3987 536 4032 et
547 3987 613 4046 cupit
631 3977 666 4034 lo·
692 3985 813 4046 congessit
828 3984 962 4046 impensas?
972 3985 1027 4044 quis
1038 3979 1157 4029 laboranti
1169 3981 1236 4026 Deo·

138 4050 184 4108 qui.
197 4047 285 4097 Statim
304 4052 330 4098 ut
342 4050 449 4110 auum,
467 4051 548 4098 statim
560 4054 666 4113 resedit,
693 4066 762 4104 suam
774 4061 871 4112 oporam
884 4050 1049 4099 ministravit?
1059 4051 1085 4095 ln
1096 4046 1219 4096 aucmento
