2760 4800
387 347 632 394 EPISTULARUM
646 350 782 396 cassele
797 352 816 397 1.
1097 351 1142 402 267

79 421 237 488 metatoribus
254 423 362 463 ”mim
381 425 506 474 murrum,
524 427 590 466 verni
614 430 953 493 pnlocastulumquemdam,
963 433 1144 496 quempresby·

80 475 476 578 ffifflffioffifffflfum
486 479 513 519 ’ἃ
521 479 589 520 ω’
614 501 697 548 terum
706 499 820 569 moerent
829 501 936 548 Arriam.
947 502 1016 549 llunc
1024 505 1107 550 autem
1117 505 1144 552 in

137 619 140 622 ‚
614 568 697 628 platea
706 569 859 617 offenderant
868 571 1031 618 transeuntes.
1040 573 1144 629 amaris

449 616 513 659 [ΔΜ
523 616 565 659 ³⁸⁵¹
614 638 676 685 sime
693 635 769 697 flere,
785 637 812 686 et
825 650 896 686 orare
914 637 1007 698 inipsa
1020 638 1144 690 oblatione

88 711 113 758 l,
124 677 252 768 Quomilm
262 707 591 770 inomnlbuslereepistolie
615 705 694 753 Deum
715 705 795 766 coepi,
810 706 840 753 ut
857 706 1013 767 subveniret,
1031 718 1064 754 ue
1075 709 1145 767 cujus

56 779 164 828 sollicite
171 777 298 838 querisde
305 779 429 839 Ecclesia,
438 779 522 838 accipe
531 779 591 838 quid
615 774 714 835 sanguis
724 774 750 822 in
761 787 834 823 causa
844 775 959 823 Ecclesiae
976 776 1049 828 tieret
1060 789 1066 823 ι
1078 779 1145 828 certe

56 851 154 909 agatur.
170 847 291 896 Postridie
309 861 383 907 quarn
399 847 485 908 accepi
496 848 591 896 litteras
614 843 643 891 ut
654 855 724 891 meus
734 843 831 904 maguis
850 856 895 904 pro
912 844 989 891 salute
1006 857 1055 893 non
1065 847 1145 895 solum

55 916 226 978 tuas,qutbus
236 916 491 978 significaverasquod
499 919 524 965 te
533 929 592 970 exa·
614 912 847 972 populi‚sedetiam
859 913 1057 973 proipsisimpiis
1065 915 1146 963 etiun·

56 985 167 1046 citarent
176 985 270 1050 somnio
279 987 340 1047 tua,
350 987 427 1035 moles
440 985 591 1046 inquietudi-
614 981 798 1041 deretureuid
808 979 899 1039 multa?
911 982 989 1029 Missis
995 985 1145 1045 presbyteris

57 1067 121 1102 uum
141 1054 256 1114 erarium·
273 1055 349 1115 coepit
366 1054 592 1112 novemdecim
615 1051 641 1098 et
651 1050 808 1111 diaconibus,
819 1052 899 1111 eripui
914 1051 1011 1109 injuriae
1023 1053 1114 1101 virum.

57 1122 592 1183 Portiaua,lrocest,extramnranabasilica
617 1176 619 1181 ,
645 1119 669 1166 6.
679 1120 898 1172 condemnationes
916 1120 983 1167 illico
994 1121 1145 1180 gravissima

57 1193 191 1253 petebatur
202 1204 209 1237 ι
221 1191 264 1239 sed
274 1192 377 1239 basilica
393 1204 472 1252 nora,
484 1192 531 1242 buc
540 1194 590 1252 est,
616 1187 783 1236 decernuntur
799 1202 806 1235 =
823 1189 902 1248 primo
921 1188 947 1234 in
965 1201 1052 1248 corpus
1073 1203 1145 1240 omne

43 1256 46 1267 '
58 1261 242 1322 intramurana,
253 1273 306 1321 que
317 1259 395 1318 major
406 1261 452 1308 est.
615 1258 789 1305 mercatorum.
800 1257 884 1317 ltaque
895 1257 1078 1306 sanctisdiebus
1087 1260 1143 1306 lieb-

89 1329 116 1378 2.
126 1327 298 1389 Convenerunt
317 1340 356 1375 me
373 1329 452 1389 primo
468 1329 592 1390 principes
616 1323 725 1389 domadis
735 1324 943 1385 nltimae,quibus
954 1324 1066 1373 solebant
1075 1327 1145 1375 debi-

58 1397 182 1445 virtutum
198 1395 262 1456 viri,
273 1396 375 1445 comites
391 1397 558 1446 consistoriani
568 1396 592 1459 ⁴,
617 1392 697 1440 torum
710 1394 910 1454 laxaririncula‚
921 1392 1028 1442 stridunt
1038 1398 1145 1456 catena,

58 1469 90 1515 ut
104 1467 132 1513 et
147 1463 424 1523 basilicsmtraderem,
442 1464 593 1524 etprocura-
616 1460 1149 1527 imponunturcolloinnocentium,exigun·
1170 1517 1172 1526 ¹

59 1532 358 1593 rem‚nequidpopu1us
368 1533 496 1580 turbarum
507 1545 593 1581 move·
617 1530 658 1576 tur
678 1533 784 1583 ducenta
803 1539 884 1597 pondo
907 1539 963 1586 auri
983 1536 1048 1584 inira
1067 1536 1146 1583 totum

59 1604 110 1652 ret.
120 1603 245 1662 ltespondi
260 1601 325 1662 quod
343 1602 397 1649 erat
408 1601 513 1661 ordinis,
528 1603 593 1650 tem·
616 1600 735 1650 triduum.
751 1606 909 1668 Respondent
925 1607 994 1655 aliud
1011 1619 1038 1654 se
1050 1607 1146 1654 tantum

59 1672 133 1734 plum
148 1669 356 1717 Deiasacerdete
368 1669 432 1716 tradi
450 1681 499 1716 non
511 1682 591 1729 posse.
616 1671 659 1717 aut
678 1672 797 1735 duplum,
814 1678 835 1724 si
854 1677 1012 1736 peterentur,
1030 1676 1146 1734 datmos„

91 1743 117 1789 ὅ.
139 1739 305 1788 acclamatum
324 1739 362 1785 est
382 1738 496 1798 sequenti
508 1739 548 1786 die
566 1739 594 1785 in
617 1736 748 1789 dummodo
759 1748 885 1793 servarent
898 1745 980 1794 tidem.
992 1746 1067 1793 Erant
1076 1742 1147 1804 pleni

61 1808 189 1858 acclesiae
201 1807 276 1855 etiam
294 1805 425 1866 praelectus
434 1805 454 1825 ⁴⁴
465 1818 494 1853 eo
504 1805 592 1865 veuit3
617 1817 728 1865 carceres
737 1814 940 1870 negotiatoribus.

59 1879 141 1937 eoepit
152 1876 345 1926 suaderevelut
362 1873 463 1920 basilica
480 1873 593 1921 Portiaua
647 1876 671 1922 7.
690 1878 799 1928 Palatina
818 1884 899 1930 omnia
916 1882 1011 1942 silicia,
1029 1882 1076 1930 boe
1094 1882 1147 1942 est,

61 1942 593 2005 cederemus.Populusreclamarit.ltatunc
617 1946 782 2006 memoriales,
789 1952 889 2010 agentes
899 1952 925 1998 in
933 1952 1016 2011 rebus,
1024 1950 1149 2011 apparito-

62 2016 198 2064 mum
208 2014 260 2073 est,
271 2013 300 2061 ut
316 2011 487 2059 intimaturum
504 2023 531 2060 se
547 2010 594 2058 im-
617 2023 657 2058 res
678 2012 829 2064 diversorum
849 2020 967 2066 comitum
984 2022 1149 2079 temperares

63 2084 174 2152 peratori
185 2081 288 2131 diceret.
617 2091 733 2140 processu
739 2083 869 2145 iubentur,
878 2088 961 2147 specie
974 2100 1022 2148 qua
1032 2087 1149 2134 seditioni

92 2152 119 2201 b.
140 2150 258 2212 Sequenti
278 2150 335 2211 die,
353 2148 499 2199 eratauiem
511 2147 595 2196 Domi-
618 2149 739 2200 interesse
772 2156 995 2213 prohibebamur:
1023 2155 1148 2209 honoratis

62 2223 134 2280 nica,
145 2221 200 2281 post
207 2219 326 2268 lectiones
335 2218 409 2280 atque
419 2216 594 2277 tractatum⁴”,
619 2219 696 2267 muita
706 2222 862 2272 minabantur
878 2226 1035 2286 gravissima,
1045 2226 1094 2274 nisi
1105 2225 1150 2275 ba·
1206 2281 1208 2287 ,

63 2291 173 2339 dimissis
186 2288 384 2348 cathecumenis,
397 2288 534 2348 symbolum
548 2286 595 2333 ali·
619 2288 715 2336 silicam
729 2292 880 2342 traderent'.
896 2295 1016 2344 Fervebat
1032 2307 1150 2356 persecu·

63 2360 155 2421 quibus
180 2356 378 2417 competentibus
396 2356 424 2404 iu
444 2356 595 2417 baptisteriis
619 2356 655 2404 tio
667 2371 675 2406 ε
685 2371 713 2407 ac
727 2360 749 2408 si
762 2363 916 2421 aperuissent
926 2365 1036 2424 portam,
1046 2376 1151 2424 prorup-

65 2429 193 2477 tradebam
213 2426 330 2474 basilicae.
343 2425 397 2474 lllic
407 2426 548 2474 nuntiatum
558 2426 595 2474 est
620 2426 669 2474 turi
680 2427 707 2475 in
714 2442 786 2478 omne
795 2430 890 2481 facinus
901 2418 1058 2481 videbantur.

65 2495 596 2557 milricompertoquodadPortianambasi-
659 2496 684 2544 8.
707 2500 843 2549 convenior
858 2502 915 2561 ipse
935 2515 950 2551 a
972 2501 1106 2552 comitibus
1125 2501 1151 2549 et

65 2569 140 2616 licam
151 2567 182 2614 de
194 2565 286 2627 palatio
297 2565 402 2613 decanos
409 2562 449 2585 ⁴⁸*
458 2565 596 2623 misissent,
620 2563 739 2627 tribunis,
748 2570 776 2616 ut
792 2569 899 2619 basilicas
913 2570 985 2619 fieret
994 2573 1089 2619 matura
1101 2573 1152 2618 tra-

65 2638 158 2686 sraela
168 2634 359 2696 suspenderent,
367 2634 452 2693 populi
462 2635 557 2693 partem
568 2645 597 2680 eo
622 2634 692 2693 ditio,
705 2636 846 2689 dicentibus
856 2639 1029 2698 imperatorem
1041 2640 1097 2698 iure
1108 2653 1152 2689 suo

65 2718 179 2768 pergere.
190 2707 238 2764 ligo
256 2706 338 2751 tamen
350 2701 429 2749 marist
444 2701 598 2761 inmunere,
622 2702 673 2760 uti;
688 2715 718 2751 eo
733 2705 799 2764 qnod
816 2706 843 2752 in
862 2707 983 2765 potestate
1000 2708 1054 2766 eius
1071 2712 1152 2758 essent

65 2777 166 2824 missam
177 2774 258 2822 iacere
270 2772 334 2833 coepi
392 2805 400 2820 .
623 2771 713 2819 omnia.
724 2773 862 2834 ltespondi,
873 2775 960 2822 siame
968 2775 1074 2835 peteret,
1087 2778 1154 2836 quod

96 2847 121 2893 s.
141 2846 206 2890 Dum
216 2842 304 2898 silero,
315 2840 413 2899 raptum
425 2838 600 2899 coguoviapo·
624 2851 706 2887 meum
723 2842 802 2901 esset,
820 2843 914 2902 idest,
932 2842 1036 2890 lundam
1051 2857 1153 2904 meum,

624 2911 752 2968 argeutum
771 2923 869 2971 meum,
891 2911 990 2971 quidvis
1013 2911 1152 2969 hujusmodi

71 2943 74 2948 ¹
89 2978 100 2998 ⁴¹
108 2973 208 3014 Forsitan
216 2972 413 3034 principeteimorom
421 2979 465 3033 non
474 2969 510 3006 alil
520 2968 600 3006 dicun·
624 2990 721 3038 meum,
744 2991 784 3027 me
802 2991 852 3026 non
862 2979 1056 3040 refragatumm
1068 2993 1156 3039 qum·

66 3033 106 3068 tur
113 3029 141 3066 ab
150 3025 275 3071 Ambrosio,
283 3034 348 3073 quam
358 3027 453 3072 magistri
461 3023 571 3064 militum.
580 3025 601 3058 et
1062 3042 1064 3047 .

67 3082 176 3131 principes
195 3079 305 3128 agentium
322 3077 345 3114 ln
364 3075 439 3120 rebus,
455 3077 530 3113 comiter
549 3083 601 3111 vero
623 3048 912 3108 quammfliaquaemei
924 3049 1156 3109 Slllli‚esselltpau-

67 3135 203 3175 memsam
213 3130 355 3181 vomnrurll,
363 3130 402 3179 qui
413 3129 514 3178 prmum
521 3129 600 3167 conus-
625 3127 711 3176 perum
721 3129 729 3162 ι
739 3128 825 3165 verum
834 3128 863 3163 ea
871 3129 926 3177 quse
934 3118 992 3165 sunt
999 3117 1100 3176 divina,
1107 3118 1156 3165 im·
1216 3163 1219 3167 ,

67 3189 126 3228 sorio
134 3189 262 3224 intererant.
624 3184 753 3244 peratoria
771 3185 887 3244 potestati
906 3197 954 3233 non
965 3198 1018 3235 esse
1033 3187 1155 3244 subjecta.

86 3247 409 3311 ”⁸¹²³¹,'³¹¹¹,l‚‘f⁸¹⁶⁰¹⁰'¹¹¹⁰
418 3251 601 3310 8⁶³⁰“,3²⁰⁰‚¹¹{'¹
626 3252 652 3301 si
669 3254 843 3313 patrimonium
864 3255 972 3315 petitur,
995 3256 1104 3304 invadite
1117 3257 1155 3304 asi

67 3303 169 3353 prefectus
177 3302 300 3349 simpliciter
309 3300 344 3339 bic
357 3300 488 3349 appellatur,
496 3299 601 3348 iutelligi-

68 3357 256 3407 rnuspraeiectum
267 3355 376 3405 practorio.
626 3336 731 3384 ⁰⁰fPu⁸s
750 3336 886 3373 occufiam·
908 3325 989 3374 Villfid
1009 3326 1036 3374 ill
1056 3328 1157 3376 vinculis

88 3419 115 3439 ‘¹‘
122 3419 165 3455 Pois
176 3419 274 3455 lectionem
281 3416 379 3454 videlicet
390 3423 501 3454 sacrarum
511 3416 602 3464 paglns-
625 3391 729 3452 rapere?
740 3393 816 3442 mltis
826 3394 854 3443 ¹¹¹
864 3394 981 3443 mmm?
991 3395 1111 3457 V⁰¹¹¹Pt²¹ti
1119 3397 1157 3444 ‘⁶⁸‘

75 3475 319 3519 nuncupatoriam,
329 3471 453 3510 concionem
460 3470 601 3519 widmann
625 3463 697 3511 mibi.
708 3465 760 3511 Non
775 3476 821 3525 ego
839 3464 949 3514 vallabor
965 3466 1156 3515 circumfusione

70 3526 168 3573 lectionis
177 3523 333 3573 expositionem.

94 3587 276 3626 memororum
290 3585 347 3622 idem
365 3585 464 3624 silicium
478 3587 524 3622 erat
537 3588 603 3634 atque
649 3591 793 3630 “Mentorides
810 3592 889 3631 scrinio
908 3594 1021 3631 memorias
1041 3600 1155 3643 praeerant.

71 3640 189 3687 lictorum,
200 3639 239 3688 qui
252 3639 381 3686 corripiendis
392 3639 441 3680 reia.
455 3638 557 3676 oslisitem
570 3649 603 3676 seo
627 3644 708 3692 Apsalos
723 3645 745 3680 io
760 3644 816 3682 rebor
830 3649 892 3682 erant
904 3646 948 3683 sire
963 3647 1002 3694 qul
1021 3657 1053 3685 res
1070 3648 1158 3687 Caesaris

71 3693 286 3740 mulierosumst·
294 3690 459 3741 amolitionem.
468 3690 604 3738 asperioris
628 3697 729 3745 agebant,
740 3701 777 3734 aut
793 3701 819 3735 ut
833 3702 995 3746 procuratores,
1004 3703 1041 3737 aut
1056 3704 1081 3738 ut
1096 3710 1158 3739 curn-

72 3757 150 3794 opcrars
158 3745 256 3786 sedebam.
584 3783 587 3786 ,
628 3749 778 3793 missariicsive
785 3749 824 3797 qni
832 3750 931 3788 ordinem
941 3751 1106 3800 ducebant,boc
1114 3757 1156 3799 est,

92 3807 220 3844 ”¹⁶¹th
229 3806 343 3854 tacmeopi
352 3805 431 3845 nonde
440 3804 605 3845 missionecnrn·
629 3805 731 3847 milimres
743 3804 882 3852 magistratus
893 3806 990 3856 lienique
1003 3806 1090 3846 irrorari
1100 3807 1157 3845 deti-

72 3859 606 3910 petentium.seddesacriiicioipsodictumvide-
629 3859 745 3898 niebantur
760 3861 799 3907 qui
813 3861 927 3908 palatinam
944 3862 1069 3912 dignitatem
1088 3861 1158 3898 babe-

73 3918 120 3952 tur.
129 3914 184 3952 liam
193 3913 275 3962 alioqui
289 3913 356 3952 verbo
364 3916 411 3960 copi
417 3939 422 3955 .
435 3923 487 3952 cum
497 3916 606 3962 jamcate·
630 3912 946 3953 barrtadminislrationeaulern
955 3913 1085 3954 marineium
1092 3912 1158 3957 reive,

73 3967 193 4006 cbumenos
206 3966 330 4015 dimisisset,
352 3965 470 4010 admodum
488 3967 615 4018 improprie·
630 3966 754 4014 quiltomae
763 3966 1042 4016 senatores,inmoaieipiis
1054 3963 1157 4004 decurio-

72 4019 213 4063 aalma.
560 4045 563 4051 ›
631 4031 667 4061 nes
679 4020 816 4061 vocabmsur.
1083 4045 1085 4049 .
