2760 4800
142 380 189 429 532
537 375 655 420 salicti
676 375 834 426 ullunosn

143 465 270 523 spirituque
291 459 496 509 ruuusruuuliuls?
515 458 584 504 Prius
606 455 673 502 enim
699 456 769 502 nobis
781 457 805 504 ot
815 458 871 505 aute
883 457 956 506 donat
971 469 1018 518 per
1027 458 1194 519 baptismum,
1205 459 1232 507 ct

144 533 238 591 virgam
247 529 326 587 dixit,
336 530 362 575 et
370 531 492 586 tamquam
503 526 572 586 virga
583 524 674 571 nucina
699 525 753 584 post
765 525 828 572 bene
839 526 1005 575 servientibus
1021 527 1139 577 uberiora
1149 529 1231 591 ,largi-

144 599 266 658 percussit
282 597 407 654 errantes,
419 596 446 641 ut
460 593 545 654 postea
564 592 674 640 consola·
699 592 748 639 tur.
759 594 795 640 lta
806 606 862 654 ergo
876 595 965 642 christi
977 596 1098 643 beneficia
1109 597 1136 643 et
1146 597 1232 644 incen-

144 669 214 715 retur·
225 679 266 714 eos
277 665 365 725 spiritu
376 662 578 711 mansuetudinis.
587 662 672 721 ltaque
699 661 750 709 tiva
763 662 861 710 virtutis
869 664 1003 724 etpraemia
1012 663 1078 711 sunt.
1109 681 1117 690 ·
1153 666 1159 677 ·

75 767 78 771 -
145 748 217 796 quem
233 735 299 793 virga
316 732 473 780 sacramentis
485 731 607 780 abdicavit
626 743 673 778 coe·
729 731 753 777 7.
763 730 1065 780 »Seducmorocabulum
1078 731 1234 780 ioeneratoris

145 803 258 859 testibus,
267 801 380 848 eumdem
387 800 547 848 mansuetudo
554 796 672 847 restituit.
699 799 832 846 horrescat.
846 801 944 848 Fuimus
955 802 1011 849 ante
1022 801 1068 848 sub
1083 800 1232 847 ioeneratore

145 870 270 928 Discipulo
276 880 372 928 quoque
381 867 440 915 talia
448 867 588 927 praescripta
596 867 673 925 dedit,
700 868 772 928 duro,
783 870 825 930 qui
837 869 885 917 nisi
897 871 974 918 morte
993 870 1113 918 debitoris
1132 868 1232 929 expleri

146 939 230 985 dicens
241 951 248 983 t
260 938 351 997 Arpue,
368 936 475 992 obsecra,
494 938 597 993 increpa.
617 935 672 982 Duo
700 949 726 983 ac
738 936 820 983 satiari
838 938 962 998 nequiret.
973 939 1050 987 Venit
1059 936 1183 985 Dominus
1192 937 1231 985 le·

146 1009 220 1066 dura,
236 1018 312 1053 unum
329 1004 406 1051 mite:
418 1004 462 1051 sed
481 1004 536 1051 ideo
552 1003 628 1062 dura,
645 1005 673 1050 ut
700 1017 753 1062 sus,
764 1004 828 1053 vidit
843 1007 912 1066 gravi
928 1018 972 1054 nos
984 1006 1109 1067 ‘obligatos
1127 1006 1231 1052 ioenore.

146 1077 219 1123 etiam
236 1075 288 1134 ipsa
303 1072 425 1130 molliret3
443 1073 503 1130 quia
520 1073 584 1119 sicut
601 1071 672 1131 aegris
699 1073 774 1119 Nemo
785 1073 865 1121 loeuus
873 1087 945 1121 suum
953 1074 1102 1133 patrimonio
1112 1073 1233 1121 innocen·

145 1143 291 1191 redundanti
299 1141 503 1200 lellecorporibus
512 1141 622 1188 ciborum
630 1141 673 1187 aut
699 1140 741 1189 tiu
759 1155 810 1190 suae
831 1143 928 1201 poterat
949 1143 1076 1190 exsolvere
1090 1155 1097 1188 ι
1111 1141 1142 1188 de
1163 1153 1232 1202 meo,

145 1213 217 1272 potus
235 1210 371 1258 amaritudo
393 1208 526 1266 dulcescit,
546 1209 572 1255 et
590 1209 679 1255 contra
699 1210 764 1257 unde
780 1223 820 1257 me
831 1211 975 1270 liberarem,
991 1211 1084 1258 babere
1101 1211 1233 1270 nonpote·

146 1281 274 1339 epularum
290 1277 397 1326 suavitas
407 1277 566 1323 amaritudini
577 1279 629 1324 est:
640 1277 674 1324 ita
699 1290 765 1336 ram,
783 1290 876 1326 norum
894 1290 973 1338 genus
991 1277 1152 1325 absolutionis
1171 1277 1234 1324 milri

146 1349 189 1396 ubi
198 1347 456 1406 animuaestsaucius,
467 1346 674 1406 voluptariaefotu
701 1345 802 1406 detulit3
813 1347 842 1392 ut
860 1347 1007 1394 creditorem
1018 1347 1158 1404 mutarem,
1175 1346 1245 1406 quia·

147 1417 292 1464 adulationis
300 1406 425 1476 aegrescit,
437 1418 463 1463 et
474 1428 569 1462 mrsum
580 1427 675 1463 correc·
699 1412 780 1460 ioenus
794 1415 860 1462 unde
878 1415 1014 1473 solverem,
1029 1413 1079 1461 non
1099 1414 1233 1461 habebam.

147 1486 222 1532 tionis
232 1486 384 1543 temperatur
397 1484 569 1530 amaritudine.
700 1483 826 1531 Debitores
845 1482 928 1530 autem
943 1495 988 1529 nos
1001 1495 1052 1530 uon
1069 1482 1175 1540 natura,
1191 1481 1232 1528 sed

177 1554 201 1600 5.
209 1570 222 1594 a
229 1553 285 1599 ilaec
293 1553 323 1598 de
333 1552 475 1610 prophetica
484 1551 591 1599 lectione
599 1551 676 1599 libata
700 1552 772 1610 culpa
780 1551 884 1611 iecerat3
894 1551 1002 1610 peccatis
1010 1552 1077 1598 enim
1086 1551 1179 1598 nostris
1186 1561 1234 1597 aera

147 1621 196 1667 sint
207 1634 214 1666 a
226 1621 351 1678 Evangelii
365 1632 462 1678 quoque
473 1620 547 1666 lectio
559 1619 619 1678 quid
629 1621 675 1666 ba·
700 1619 1232 1678 graviacontraximus,utessemusobnoxii‚

148 1688 675 1749 beatconsideremus:liopueitpuidcmplm-
700 1688 741 1746 qui
758 1701 855 1736 eramus
870 1687 961 1747 liberi3
977 1689 1075 1735 debitor
1093 1688 1162 1734 euim
1180 1687 1232 1746 est,

116 1765 119 1773 ’
147 1761 227 1805 risccus
242 1759 368 1805 Dominum
378 1759 470 1813 iesum,
481 1760 508 1803 ul
523 1759 676 1805 manducaret
700 1757 743 1815 qni
759 1757 851 1817 aliquid
866 1758 964 1817 accepit
975 1756 1006 1804 de
1021 1756 1179 1805 foeneratoris
1189 1768 1232 1816 pe·

147 1840 201 1872 cum
212 1827 251 1873 illo
261 1828 299 1872 :et
314 1828 427 1886 impressus
441 1828 535 1872 domum
552 1827 675 1884 plrnrtsmt,
701 1826 781 1872 cunia.
801 1826 930 1873 Peccatum
950 1837 1008 1874 vero
1024 1837 1039 1871 a
1054 1824 1156 1871 diabolo
1175 1824 1231 1872 est:

148 1893 269 1942 discubuit.
280 1895 312 1940 ut
321 1907 369 1940 cccc
379 1894 476 1951 mulier,
486 1906 538 1952 pure
548 1896 600 1940 erut
609 1897 635 1940 iu
644 1896 676 1940 ci·
701 1892 824 1951 tamquam
835 1892 862 1940 in
875 1894 929 1951 ejus
939 1893 1087 1952 patrimonio
1100 1893 1145 1940 bas
1156 1892 1232 1940 babet

147 1965 217 2010 ritate
230 1964 364 2023 peccatrix,
375 1965 401 2009 ut
418 1965 522 2022 copuoait
532 1964 592 2022 quod
609 1965 676 2011 Jcsrcs
701 1960 791 2019 impius
800 1974 871 2021 opes3
881 1972 954 2009 srcur
963 1974 1030 2008 emm
1039 1962 1232 2011 Gbristidiritiar

148 2033 256 2080 accubuit
270 2034 295 2079 iu
304 2034 372 2079 domo
389 2032 512 2092 plrarisoei,
530 2033 614 2079 adtulit
623 2033 675 2078 ola·
700 2029 805 2077 rirtutes
815 2032 885 2089 sunt,
897 2030 933 2076 ita
948 2030 1040 2077 diaboli
1050 2043 1111 2090 opes
1122 2030 1233 2087 crimina

142 2101 253 2155 ‚turrira
271 2101 382 2160 uupueuti
396 2114 404 2145 s
416 2103 438 2147 ct
456 2102 521 2148 staur
536 2103 598 2147 retro
612 2113 676 2147 secur
701 2099 765 2144 sunt.
787 2097 924 2158 Redegerat
946 2098 1082 2145 humanum
1104 2111 1184 2158 genus
1205 2100 1231 2146 in

147 2171 213 2229 pedes
229 2170 292 2228 ejas,
311 2171 420 2228 iacrymis
437 2170 503 2227 cupit
520 2171 597 2229 ripere
609 2171 676 2228 pedes
701 2166 846 2223 perpetuam
855 2164 1024 2224 captivitatem
1032 2166 1146 2212 obnoxiae
1156 2166 1233 2217 baere·

148 2238 205 2293 eiras.
224 2237 254 2282 et
264 2237 359 2295 reliqua
376 2235 491 2283 recitavit
500 2247 579 2293 usque
597 2235 627 2281 ad
638 2235 676 2280 lo·
702 2231 786 2279 ditatis
806 2235 874 2292 grarl
895 2233 1004 2292 loenore,
1025 2233 1091 2292 quod
1112 2234 1233 2282 obaeratus

149 2316 205 2350 cum
215 2317 222 2349 a
234 2306 301 2352 Fides
312 2308 354 2351 tuo
369 2306 390 2351 te
400 2304 489 2350 salsum
500 2304 552 2360 fecit
558 2335 569 2359 ‚
578 2305 636 2349 uude
652 2305 676 2349 iu
701 2302 786 2347 auctor
798 2300 829 2347 ad
837 2303 946 2360 posteros
956 2301 987 2348 de
1001 2300 1123 2348 toenerata
1133 2314 1233 2351 succes·

148 2386 212 2431 proce.
222 2373 300 2430 Quam
310 2370 608 2430 simplex‚subjunxi‚in
619 2383 677 2416 ver·
701 2369 769 2415 sione
803 2368 981 2416 transmiserat.
1009 2368 1084 2416 Venit
1114 2371 1233 2418 Dominus

150 2440 201 2497 bis,
215 2451 288 2498 quam
304 2436 424 2497 profunda
435 2437 461 2483 in
476 2438 585 2485 consiliis
597 2439 677 2485 Evau·
700 2436 898 2495 Jesus,mortom
906 2450 974 2485 suam
982 2450 1025 2496 pro
1033 2437 1112 2485 morte
1123 2439 1233 2486 omniurn

150 2507 208 2565 gelli
223 2506 309 2553 lectio!
324 2507 411 2563 ltaque
426 2504 484 2562 quia
500 2505 581 2564 magni
597 2507 676 2555 consi·
701 2503 805 2564 obtulit,
816 2506 960 2565 sanguinem
970 2516 1041 2552 suum
1052 2516 1097 2564 pro
1113 2506 1232 2565 sanguiue

150 2576 213 2622 liarii
226 2587 304 2622 sermo
316 2574 365 2634 est,
377 2571 536 2620 altitudinem
548 2574 602 2631 ejus
617 2588 676 2622 con·
701 2571 765 2618 ludit
775 2575 957 2622 universorum.
983 2584 984 2587 ’

147 2644 290 2693 rideremus.
418 2658 427 2677 ν
730 2643 1234 2709 8.»llutavimusergocreditorem,non

179 2713 202 2760 6.
219 2731 232 2756 u
249 2712 367 2760 Dominus
380 2711 464 2759 noster
481 2711 551 2760 lesus
568 2712 677 2760 Christus
702 2712 837 2770 erasimns3
847 2712 1233 2770 immoevasimus,maneteniru

148 2782 268 2839 judicarit
278 2783 355 2841 magis
363 2781 608 2830 bominesbeueticiis
621 2784 677 2829 alli·
702 2780 827 2840 debiturn,
839 2780 919 2826 ioenus
928 2780 1067 2840 intercidit,
1079 2781 1180 2829 dicente
1191 2782 1234 2829 do·

149 2851 200 2909 gari
210 2863 293 2911 posse,
305 2851 330 2897 et
341 2849 467 2908 provocari
478 2849 508 2895 ad
519 2862 547 2896 ea
558 2851 677 2909 quaesunt
702 2849 769 2895 mino
778 2850 837 2895 iesu
845 2851 887 2896 His
894 2851 933 2908 qui
942 2850 1130 2896 iaoirscutissuat
1137 2865 1146 2896 .-
1153 2851 1235 2908 amu,-

149 2920 217 2967 recta
235 2919 360 2978 iacienda,
380 2930 454 2979 quam
472 2919 540 2965 metu
552 2931 559 2965 r
571 2921 676 2979 plusque
701 2920 723 2965 ct
732 2918 767 2965 bis
778 2919 818 2976 qui
828 2919 852 2964 iu
863 2931 954 2964 carcere
964 2920 1018 2965 suat
1029 2932 1038 2964 .·
1048 2920 1184 2977 Proccdtte3
1196 2918 1234 2964 di·

150 2989 277 3039 caritatem
288 2988 419 3049 prolicere,
435 2999 509 3046 quam
519 2986 676 3035 formidinem
702 2986 775 3032 missa
785 2986 843 3032 sunt
859 2997 916 3044 ergo
932 2985 1033 3044 peccata
1044 2986 1136 3033 restra.
1149 2985 1233 3032 Omni·

131 3057 181 3103 ·ad
191 3057 376 3105 correctionem.
392 3055 476 3114 ltaque
493 3056 677 3116 praemisitgra-
702 3053 747 3099 bus
762 3052 838 3111 igitur
852 3051 958 3110 dimisit,
976 3064 1022 3099 nec
1040 3053 1172 3112 quisquam
1184 3053 1233 3110 est,

150 3126 223 3183 tiam,
235 3126 338 3172 veniens
349 3136 394 3183 per
403 3124 513 3182 Virginis
524 3124 636 3183 partum;
649 3125 676 3171 ut
702 3121 797 3168 cuinon
803 3121 929 3169 relaxarit.
937 3121 977 3168 Sic
983 3121 1051 3168 enim
1058 3121 1179 3180 scriptum
1187 3123 1233 3180 est,

150 3193 176 3239 in
186 3193 306 3251 baptismo
321 3192 422 3252 peccata
438 3192 552 3251 donaret,
571 3204 619 3250 quo
629 3193 676 3238 sibi
702 3191 759 3250 quia
770 3190 869 3238 donavit
879 3192 960 3237 omnio
974 3191 1072 3246 delicto,
1085 3191 1163 3238 dalmas
1174 3191 1234 3251 quod

150 3260 241 3308 laceret
247 3260 372 3320 gratiores.
378 3259 475 3306 Deinde
483 3258 504 3305 si
511 3260 677 3318 competentia
702 3261 823 3307 adamum
833 3272 875 3306 uos
885 3261 937 3306 erut
948 3259 1130 3318 ciiropruplrum
1141 3261 1232 3307 decretu

150 3329 224 3386 gratis
235 3329 296 3374 viris
307 3328 386 3374 officia
397 3340 586 3388 reponeremus,
597 3329 676 3386 ipsius
701 3329 749 3374 Cur
760 3340 804 3375 nos
817 3327 922 3374 aliorum
932 3328 1046 3374 tenemus
1056 3327 1233 3386 chirographa,

150 3395 235 3452 gratiae
254 3395 477 3441 remunerationem
497 3394 603 3441 futuram
623 3408 676 3457 orn-
702 3397 728 3443 et
738 3396 852 3443 volumus
862 3395 962 3455 exigere
974 3395 1071 3452 aliena,
1083 3395 1127 3454 qui
1138 3398 1233 3442 nostro·

150 3462 217 3508 nium
229 3461 255 3507 in
265 3462 311 3507 hac
321 3460 425 3507 muliere
434 3460 575 3507 declaravit.
584 3461 644 3507 Nam
655 3462 675 3508 si
700 3475 756 3510 rum
772 3465 867 3511 utimur
882 3462 1051 3521 indulgentia?
1065 3463 1111 3519 Qui
1131 3462 1234 3510 donavit

149 3527 316 3578 tantummodo
329 3527 409 3589 prima
422 3527 506 3575 debita
521 3528 592 3576 nobis
601 3530 676 3576 remi·
702 3532 830 3591 omnibus,
846 3532 876 3578 ab
892 3531 1005 3578 omnibus
1020 3530 1112 3590 exigit3
1123 3532 1155 3578 ut
1169 3530 1234 3592 qnod

128 3646 131 3657 ,
150 3597 233 3654 sisset,
247 3595 376 3643 rideretur
389 3595 580 3655 cautior‚quam
593 3596 677 3644 indul·
701 3601 867 3662 unusquisque
886 3600 934 3647 sibi
952 3599 1081 3646 dimissum
1101 3599 1231 3658 meminit,

150 3663 264 3722 gentian
283 3664 489 3723 correctionisque
506 3665 676 3724 providentior
701 3668 744 3714 alii
754 3669 806 3728 ipse
815 3669 932 3716 dimittat.

149 3743 223 3788 uuam
243 3732 448 3780 remunerationis
471 3733 675 3794 magnificentior.
721 3735 1232 3797 9.»videnegrarioremcausaminciplas

150 3799 251 3857 Augusti
266 3800 342 3846 animi
356 3801 406 3848 sola
422 3801 512 3848 astutia
527 3803 576 3860 est,
587 3804 616 3850 ut
625 3801 676 3848 illi·
702 3804 793 3852 babere
803 3805 950 3865 foenerator,
959 3818 1033 3863 quarn
1041 3805 1139 3852 debitor
1150 3818 1157 3850 ε
1170 3805 1232 3853 sicut

151 3867 217 3914 ciat:
229 3869 282 3916 Deo
292 3871 376 3916 autem
390 3868 518 3927 convenit,
529 3871 558 3916 ut
567 3882 628 3929 quos
639 3871 676 3917 in·
701 3873 744 3920 ille
756 3873 782 3920 in
794 3874 939 3932 Evangelio,
950 3874 991 3921 cui
1001 3873 1114 3920 domiuus
1124 3887 1185 3920 snus
1195 3873 1232 3920 di·

150 3938 266 3986 vitaverit
283 3951 328 3998 per
343 3937 458 3998 gratiam,
477 3937 575 3984 cosdem
592 3938 676 3996 gratie
701 3941 768 3986 misit
779 3953 850 3989 omne
860 3941 986 4001 debitum,
998 3942 1040 3989 ille
1050 3943 1137 4001 postea
1148 3954 1163 3988 a
1175 3953 1232 3988 con—

151 4007 227 4064 ipsius
245 4007 403 4056 incrementis
422 4006 549 4066 provebat.
569 4007 674 4067 ldooque
700 4018 823 4056 servosuo
835 4008 1231 4069 coepitexigere,quodipsenou
