2760 4800
155 350 199 399 loa
547 358 665 405 SANCTI
684 360 844 406 AMBROSH
893 398 897 413 ,
916 386 919 399 ·

152 432 207 480 tineis
224 435 352 482 malorum.
370 437 421 485 b'on
437 436 504 486 enim
521 439 585 487 dixit
597 453 603 484 t
615 438 680 496 Quo·
705 438 781 498 turae,
803 439 845 488 sed
865 440 927 488 dona
947 439 1031 501 gratiae
1052 435 1236 502 praeoptemuse

152 502 218 549 niam
229 505 319 553 audisti
332 517 417 553 vocem
429 507 557 566 mulieris,
570 508 680 556 reverte-
705 509 805 556 Dissolvi
814 512 874 557 enisa
881 542 889 566 ,
905 513 928 558 et
939 524 992 558 eam
1004 510 1095 559 Christo
1106 525 1154 559 esse
1163 513 1236 559 mutto

79 583 82 591 ·
152 569 186 617 ris
197 570 222 616 in
234 571 339 634 terram3
351 575 403 622 liaec
421 574 488 621 euim
503 575 567 624 esset
577 576 680 634 poenalis
705 578 785 625 melias
795 594 803 625 :
812 583 1035 638 penaaaereaatern
1043 581 1068 626 in
1077 592 1150 628 earne
1161 581 1236 640 anapia
1248 623 1251 628 .

153 639 295 708 sententia,
320 643 527 703 quemadmodum
549 646 587 691 est
606 644 649 689 illa
671 656 678 688 ε
704 648 1020 708 neeessariamprapteroos.

153 705 274 754 Maledicta
286 712 349 758 terra
360 712 440 770 spinas
450 714 471 758 et
483 711 580 759 inbutos
596 713 678 771 eermi·
732 711 772 758 aa.
791 713 840 761 Sed
855 726 906 762 non
924 715 1037 764 omnibus
1052 710 1232 775 necessarium,

152 776 218 823 nabit
226 777 267 825 tibi
272 793 281 838 ,-
289 778 333 825 sed
344 778 409 826 dixit
417 792 425 824 c
433 780 586 827 Mandacabis
594 793 679 840 ponem
704 779 807 828 Domine
819 783 877 830 lesu
888 795 895 829 ε
906 795 956 830 non
964 783 1042 843 mibi,
1053 783 1097 843 qui
1107 778 1174 831 nulii
1184 784 1233 832 uti·

153 846 219 891 taam
232 849 254 891 in
265 848 347 909 sudore
352 880 361 905 ,
378 849 448 896 donec
464 850 589 896 revertaris
599 850 624 895 in
634 852 680 896 tee-
704 847 735 895 lis
745 861 813 909 sum;
822 862 879 897 nam
888 850 951 898 nini
962 852 1059 899 lucrum
1067 850 1106 899 est
1113 850 1193 912 mori„
1201 863 1231 899 ne

152 925 215 960 eam.
227 913 301 961 Vides
315 916 417 962 mortem
433 914 510 975 magis
521 915 611 962 metam
626 927 678 963 esse
703 913 773 975 plura
783 927 894 978 peccem.
909 919 1016 968 Lucrum
1030 918 1095 967 mibi
1107 919 1147 968 est
1155 920 1231 977 mori,

153 983 288 1030 nostrarum
299 995 440 1043 poenarum,
452 994 501 1043 qua
512 995 597 1031 cursus
605 983 679 1041 buius
703 985 745 1043 qui
755 986 808 1045 ipso
818 982 882 1034 libro
892 999 942 1048 quo
954 987 1015 1036 alios
1025 987 1137 1036 consolor
1145 1020 1154 1048 ,
1162 988 1230 1048 quast

154 1049 353 1099 eimincmnurs
702 1052 889 1102 vehementiore
899 1051 1021 1104 monitore
1036 1055 1068 1104 ad
1079 1051 1230 1104 desiderium

182 1119 221 1166 59.
231 1121 290 1181 Ergo
302 1133 367 1168 mors
377 1132 426 1168 non
436 1121 514 1170 sotum
525 1121 617 1168 malum
628 1132 677 1168 non
702 1121 785 1170 amissi
803 1121 885 1171 fratris
903 1123 1031 1184 impellor3
1050 1123 1171 1184 quoniam
1190 1135 1228 1170 me

91 1245 93 1254 Ι
153 1185 203 1247 cst,
215 1187 258 1236 sed
269 1187 443 1235 etiambonum
455 1187 501 1236 est.
513 1188 623 1248 Denique
634 1200 678 1248 pro
703 1187 755 1247 eius
773 1201 822 1237 non
841 1190 900 1239 sinit
919 1191 1043 1241 oblivisci.
1062 1192 1133 1240 Nunc
1154 1191 1229 1252 magis

153 1257 215 1305 bono
236 1256 372 1317 quaritur,
394 1257 457 1305 siout
478 1256 596 1315 seriptum
624 1257 676 1303 est:
703 1268 771 1317 amo,
790 1258 816 1305 et
833 1257 1008 1308 vehementius
1024 1258 1228 1309 demostenen-

153 1328 261 1388 Quaerent
278 1326 381 1373 tornines
395 1326 507 1382 mortem,
521 1327 543 1372 et
558 1338 607 1371 non
617 1327 679 1372 inec·
702 1324 760 1374 dero
768 1339 824 1375 oum
832 1329 932 1389 loquor,
943 1327 1055 1377 desidero
1064 1341 1122 1376 cum
1131 1328 1226 1388 relegam

152 1391 677 1453 nienteasn.Quaerentenimilliquidicturi
703 1395 728 1442 et
737 1392 792 1444 ideo
801 1396 847 1444 boc
854 1397 935 1457 potius
943 1395 1102 1445 scribendum
1110 1395 1227 1456 arbitror,

152 1466 209 1515 sunt
217 1465 340 1513 montibus
352 1479 358 1511 c
370 1467 449 1514 cadite
458 1479 590 1527 supernos,
599 1469 621 1514 et
630 1468 677 1515 eol·
701 1474 733 1510 ne
745 1465 841 1523 quando
851 1467 881 1512 ab
899 1465 953 1524 eius
967 1462 1138 1514 recordatione
1149 1464 1227 1513 direl-

153 1537 211 1584 libas
223 1550 231 1583 .-
242 1537 332 1595 Open'te
343 1547 393 1582 nos.
403 1531 500 1593 Quaret
511 1533 585 1580 etiam
596 1535 677 1582 anima
701 1531 745 1578 tar.
757 1533 828 1591 Quod
842 1546 891 1581 non
904 1534 988 1581 contra
998 1528 1138 1593 Scripturas
1150 1532 1225 1592 tacto,

153 1603 211 1662 illa,
222 1615 275 1663 quae
285 1602 379 1662 peccat.
390 1600 484 1660 Quaerit
498 1600 568 1648 dives
581 1602 625 1649 ille
635 1615 677 1662 po·
700 1599 744 1647 sed
752 1613 806 1649 cum
815 1602 946 1662 Scriptum
953 1600 1045 1660 sentim
1054 1601 1225 1662 ntpatientius

152 1672 214 1720 situs
225 1672 251 1718 iu
263 1670 371 1729 intorno,
387 1668 430 1730 qni
445 1669 500 1717 vult
509 1668 585 1730 digito
594 1670 676 1718 Lazari
701 1669 808 1731 doleam,
819 1670 989 1731 impatientius
1004 1670 1154 1719 desiderem.

152 1738 291 1801 refrigerari
301 1739 409 1798 linguam
417 1751 494 1788 suam.
714 1779 717 1785 ,
729 1736 768 1785 tlt.
780 1738 915 1788 l’raestitisti
928 1739 1003 1799 mihi,
1013 1738 1104 1800 trater,
1116 1751 1150 1787 ne
1162 1749 1223 1787 mor·

183 1807 221 1856 tt).
242 1807 360 1856 Videmus
379 1807 462 1867 itaque
480 1805 545 1868 quod
565 1809 591 1857 et
611 1820 676 1855 mors
700 1808 750 1855 tem
761 1809 887 1869 timerem,
905 1810 979 1869 atquo
995 1807 1092 1856 utinam
1107 1807 1223 1856 moriatur

153 1878 204 1924 baec
212 1877 307 1924 lucrum
316 1876 366 1934 est,
376 1874 402 1922 et
411 1874 542 1934 vitapoena
551 1875 596 1922 est.
605 1872 675 1924 Unde
700 1877 780 1923 anima
788 1877 877 1925 meain
887 1877 967 1924 anima
979 1875 1035 1936 tua3
1046 1875 1223 1924 bocenimsibi

153 1949 178 1994 et
189 1946 276 1993 Paulus
286 1943 321 1992 ait
331 1959 338 1991 :
350 1944 409 1992 Mihi
424 1946 498 1992 atsere
512 1943 617 1992 Christus
627 1947 660 1992 est
666 1975 674 2001 ,
699 1943 795 1990 Balaam
802 1955 845 2003 pro
850 1942 1026 1991 maximobono
1033 1941 1114 2003 optat,
1121 1942 1223 1989 donatus

151 2019 173 2064 et
184 2018 245 2064 mori
258 2017 356 2063 lacrum.
371 2011 434 2071 Quid
445 2011 482 2059 est
491 2009 616 2071 Christus,
627 2012 675 2060 nisi
699 2011 802 2071 Spiritus
810 2012 970 2073 prophetandi
979 2010 1222 2072 altarioluminqnit,

81 2143 83 2146 Α
152 2097 216 2132 mors
231 2083 354 2145 corporis,
374 2081 473 2141 spiritus
485 2079 559 2128 vitaet
574 2080 603 2128 ln
618 2077 675 2129 ideo
699 2081 780 2128 anima
790 2078 1223 2139 meainaaisnisjastorammtfietse·

151 2155 338 2204 commoriamur
344 2164 398 2200 cum
405 2163 447 2211 eo,
458 2151 486 2198 ut
496 2149 609 2199 vivamus
618 2163 675 2198 eum
698 2160 838 2196 metaneam
853 2150 911 2197 sicat
921 2160 997 2196 semen
1006 2147 1114 2196 istorum.
1125 2145 1157 2192 nt
1164 2155 1221 2193 sere

152 2236 191 2271 eo.
202 2223 238 2271 Sit
248 2221 347 2283 quidam
357 2219 513 2280 quotidianus
523 2230 582 2266 usus
592 2216 619 2264 in
629 2230 675 2266 no-
699 2217 745 2263 boc
760 2213 895 2266 seeundum
912 2215 1069 2277 prophetiam
1087 2213 1169 2276 optat3
1180 2215 1220 2274 qni

151 2291 204 2349 bis,
213 2285 500 2348 affectusquemoriendi3
509 2287 537 2337 ut
542 2279 673 2345 perillam,
699 2283 764 2331 enim
774 2285 869 2332 viderat
879 2284 960 2333 ortum
973 2283 1078 2344 Christi,
1088 2282 1153 2330 vidit
1169 2281 1222 2340 ejus

152 2371 224 2418 mam
236 2357 357 2413 diximus,
367 2353 580 2414 segregationem
589 2365 674 2414 eorpo-
698 2352 857 2413 triumphale,
872 2353 936 2401 vidit
945 2353 1064 2412 mortem,
1075 2351 1141 2400 sidit
1155 2351 1182 2398 in
1192 2361 1220 2397 eo

151 2427 200 2473 reis
211 2422 385 2485 cupiditatibus
396 2422 477 2469 anima
492 2421 573 2468 nostra
587 2433 613 2469 se
624 2421 674 2470 dis-
697 2421 1189 2481 perennembominumresurrectionem3
1197 2418 1222 2466 et

151 2495 191 2541 eat
205 2493 350 2551 extrahere,
366 2491 391 2538 et
402 2491 525 2549 tamquam
535 2489 561 2536 in
573 2489 673 2538 sublimi
698 2489 877 2539 ideomorinon
886 2491 958 2539 timet
967 2490 1160 2543 resurrecturus.
1169 2489 1220 2534 Non

151 2563 241 2623 locata,
252 2573 301 2622 quo
311 2560 415 2607 terrenae
429 2558 496 2606 adire
508 2557 637 2619 libidines,
648 2560 674 2608 et
697 2560 814 2608 moriatur
823 2572 881 2620 ergo
895 2559 976 2607 anima
991 2570 1047 2607 mea
1060 2557 1087 2605 in
1105 2557 1219 2617 peccato,

150 2644 205 2680 eam
221 2630 268 2679 sibi
279 2629 400 2691 glutinare
414 2628 580 2688 nonpossint,
596 2629 673 2677 susci·
696 2626 946 2687 nequepeecatumln
956 2625 1219 2686 serecipiatzsedmo

150 2702 203 2762 piat
212 2699 296 2747 mortis
306 2697 452 2756 imaginem,
461 2708 492 2743 ne
501 2707 597 2757 poenam
607 2709 672 2745 mor·
696 2696 774 2743 riatur
787 2696 815 2743 in
830 2696 911 2742 anima
923 2695 984 2754 lusti
993 2731 1000 2757 ‚
1010 2695 1039 2742 ut
1054 2694 1108 2753 eius
1117 2693 1220 2754 recipiat

134 2767 307 2816 tisincurrat.
323 2764 451 2825 Repugnat
462 2763 528 2811 enim
538 2765 581 2812 lex
592 2767 672 2814 carnis
696 2765 844 2824 aequitatem.
865 2766 978 2826 Denique
1002 2763 1045 2825 qui
1068 2763 1175 2812 moritur
1194 2762 1219 2808 in

150 2836 306 2897 tegimentis,
316 2834 342 2882 et
349 2845 403 2882 eam
412 2833 556 2892 legienoris
565 2831 670 2895 addicit,
695 2834 802 2892 chrima,
813 2833 841 2881 tit
851 2833 904 2893 eius
914 2834 998 2894 gratiae
1008 2831 1133 2894 particeps
1149 2831 1175 2879 in
1184 2833 1218 2878 la·

149 2905 212 2954 sieut
221 2905 348 2964 apostolus
354 2902 483 2960 revelavit,
489 2901 588 2950 dicens:
599 2903 672 2952 Video
696 2914 775 2950 vacuo.
1134 2914 1139 2919 ·

148 2977 209 3023 enim
220 2976 291 3035 legens
301 2975 378 3021 caenis
387 2984 444 3019 mcoe
454 2973 619 3032 repugnantem
628 2973 671 3033 legi
725 2970 764 3019 tete.
778 2974 829 3022 Non
844 2984 901 3034 ergo
915 2971 1163 3032 tormidablllsmors,
1173 2981 1219 3018 nec

148 3046 230 3092 mentis
244 3056 315 3100 mea,
330 3044 352 3090 et
367 3042 518 3100 captivantem
535 3052 572 3087 sne
583 3041 609 3087 ia
624 3043 671 3102 tege
695 3043 975 3104 amaraegentibus,uec
984 3040 1217 3102 graviordivitibus,

146 3115 241 3173 peccati.
247 3109 520 3167 omnesimpugnamm,
525 3119 609 3155 omnes
615 3121 671 3157 sen·
695 3120 740 3156 nee
751 3110 840 3168 injusta
849 3111 999 3170 senioribus,
1009 3122 1056 3158 nec
1071 3110 1160 3169 ignava
1170 3107 1218 3155 tor·
1242 3152 1246 3157 .

147 3181 239 3228 timus:
257 3178 300 3226 sed
316 3189 365 3224 non
385 3187 468 3222 omnes
485 3174 626 3224 liberamur.
642 3180 672 3226 nt
695 3177 774 3236 tibus,
785 3190 831 3226 nec
847 3179 965 3239 perpetua
975 3178 1104 3237 fidelibus,
1114 3187 1162 3224 nec
1173 3176 1218 3222 im·

148 3249 203 3301 ideo
214 3245 305 3295 intelix
315 3256 360 3304 ego
374 3243 461 3301 homo,
477 3241 523 3290 nisi
534 3245 669 3294 remedium
694 3247 790 3305 provisa
805 3248 964 3308 sapientibus.
976 3247 1054 3304 Quam
1068 3244 1142 3292 multi
1153 3243 1218 3292 enirn

146 3331 262 3378 quaram.
694 3314 771 3362 vitam
786 3318 836 3364 solo
846 3316 931 3364 mortis
945 3315 1020 3364 titulo
1030 3313 1218 3366 consecrarunt,

176 3384 216 3433 tel.
228 3384 276 3432 Sed
285 3381 350 3445 quod
360 3383 514 3442 remedium?
525 3384 581 3446 Quis
590 3397 627 3432 me
642 3385 670 3433 li·
693 3384 796 3440 quantos
806 3383 892 3430 slvere
910 3384 1012 3443 puduit,
1031 3381 1095 3429 mori
1113 3375 1219 3441 protulit

148 3454 236 3502 beabit
249 3456 275 3500 de
292 3466 386 3513 corpore
399 3455 481 3500 mortis
491 3453 575 3514 liujus?
587 3454 670 3502 Gratia
693 3448 1220 3512 blortouniusplerumqueaccepimnsmaxi·

147 3523 191 3570 Dei
205 3537 247 3583 per
264 3524 343 3570 lesum
353 3522 471 3570 cenetam
481 3523 606 3569 Dominam
617 3535 670 3571 nos·
693 3534 745 3570 mos
752 3522 856 3581 populus
863 3521 992 3568 liberatos:
1003 3518 1081 3566 morte
1089 3517 1220 3577 imperato·

147 3594 218 3637 tenen.
237 3590 361 3637 Habemus
377 3588 519 3648 medicum,
540 3600 670 3650 sequemur
694 3590 727 3639 ris
736 3588 831 3650 togatos
842 3587 967 3637 exereitus
978 3587 1099 3647 bostium,
1110 3597 1172 3646 quos
1181 3586 1220 3634 ri·

146 3657 292 3705 remedium.
303 3655 450 3704 Remedium
460 3655 570 3704 nostrum
580 3657 669 3705 christi
693 3673 739 3709 vus
746 3658 846 3707 vincere
857 3657 1017 3717 nequivisset.

146 3726 222 3786 gratia
233 3725 283 3787 est,
299 3726 325 3773 et
339 3737 425 3785 corpus
440 3725 525 3774 mortis
535 3739 622 3786 corpus
633 3727 669 3775 est
723 3728 762 3775 to.
774 3726 849 3774 lttorte
860 3726 994 3785 martyrum
1005 3724 1092 3784 religio
1103 3724 1218 3782 defensa,

146 3794 521 3855 nostrumllrgoperegrinemur
530 3807 545 3841 a
554 3806 668 3855 corpore,
694 3794 817 3844 cumulata
827 3793 901 3853 tides,
913 3793 1021 3850 Ecclesia
1033 3792 1147 3839 roborata
1160 3792 1218 3840 est:

146 3876 178 3912 ne
185 3856 368 3926 peregrinemur
377 3874 391 3909 a
401 3863 512 3909 Christo:
525 3861 570 3909 etsi
579 3861 605 3909 in
615 3874 670 3909 cor·
693 3863 806 3912 vicerunt
834 3862 941 3920 mortui,
967 3859 1028 3907 victi
1048 3860 1221 3918 persecutores

145 3945 204 3994 pore
214 3945 310 3990 sumus,
326 3931 409 3978 tamen
420 3943 474 3990 quae
491 3930 548 3977 sunt
562 3930 669 3988 eorporis
693 3933 757 3980 sunt.
770 3931 854 3989 ltaque
871 3927 1062 3990 quorumvitam
1078 3927 1220 3988 nescimus,

146 3997 668 4062 nonsequamur,needesommusjurana·
693 3999 780 4044 luorum
801 3996 904 4045 mortem
925 3995 1086 4044 celebramus.
1105 3993 1176 4042 Unde
1196 3994 1223 4043 at

10 4286 208 4519 q
