2760 4800
382 404 515 452 burron
531 404 1006 462 nusuhhuculura15‚u1sseull.
1184 399 1230 451 ild

143 481 188 530 sed
205 484 352 532 resuscitans
369 487 445 535 Deus.
457 489 523 534 Tunc
539 487 673 534 secuudum
728 487 766 535 bt.
784 489 875 550 Utique
894 490 1004 536 mortuus
1025 486 1061 535 cst
1081 488 1183 544 Paulus,
1202 486 1230 534 ci

142 561 244 598 carnem
255 551 346 629 homo,
357 565 421 602 nunc
432 567 478 613 per
494 554 575 601 omnia
590 555 673 602 Deus:
699 557 811 615 passione
823 557 960 604 venerabili
970 557 1045 604 citam
1057 556 1162 615 corporis
1174 565 1231 601 curn

142 631 209 693 nunc
220 633 288 667 enirn
299 623 434 670 secundum
450 634 549 669 carnem
562 623 612 680 iam
627 634 674 668 non
698 624 830 672 immortali
842 626 918 687 gloria
931 626 1090 672 commutavit
1101 638 1108 669 ε
1121 637 1179 669 num
1194 623 1230 669 ie-

142 688 257 737 norimus
268 689 406 750 Christum,
425 690 469 737 sed
479 690 558 738 carnis
573 690 675 748 gratiam
699 692 763 740 lellit
784 694 894 754 ergoqui
912 706 937 741 se
951 694 1076 742 viventem
1095 691 1191 750 scripsit
1202 691 1231 735 ln

142 758 270 835 tenemus3
282 757 309 805 ul
320 757 402 818 ipsum
412 758 534 818 primitias
544 759 674 819 quiesceu·
699 762 807 809 nubibus
822 763 920 810 obviam
935 763 1032 811 Christo
1056 774 1109 809 csse
1127 761 1228 819 rapien-

141 826 223 885 tium,
234 826 315 886 ipsum
323 826 517 887 primogenitum
529 839 561 874 ex
573 826 675 874 mortuis
698 828 771 876 dum?
780 832 831 878 lloc
840 832 907 878 enirn
918 832 949 879 de
961 831 1043 878 Enoch
1055 830 1175 890 legimus,
1186 829 1230 874 aut

141 895 295 944 noverimus.
317 894 438 943 Primitiae
456 894 543 955 utique
562 894 674 953 eiusdem
698 898 749 944 Elia
762 912 768 944 τ
780 899 824 946 sed
835 899 860 947 et
871 898 900 947 tu
910 899 1015 960 rapieris
1026 899 1052 945 ln
1063 898 1230 958 spirllu.Eece

142 964 201 1042 suut
212 964 508 1024 generisatquenaturae,
520 963 592 1020 cujus
600 964 625 1010 ct
635 975 674 1009 re·
698 979 785 1015 currus
803 969 877 1029 Elias,
889 981 946 1016 ecce
959 969 1043 1028 ignes,
1060 967 1107 1014 etsi
1120 979 1170 1013 non
1190 964 1229 1013 ri·

141 1033 206 1092 liqui
215 1033 321 1093 tructus,
339 1044 443 1093 quorum
454 1044 499 1091 pro
509 1031 603 1079 laetiore
617 1044 674 1090 pro-
698 1035 802 1095 dentur,
812 1038 946 1096 parantur3
957 1039 985 1084 ut
992 1037 1073 1095 justus
1082 1034 1226 1092 adscendat,

143 1103 222 1150 ventu
235 1100 360 1161 primitiva
378 1103 429 1148 Deo
445 1112 547 1148 munera
558 1099 674 1147 deierun·
698 1103 816 1151 innocens
827 1105 1000 1163 transferatur,
1015 1104 1041 1151 et
1051 1104 1094 1150 tua
1104 1103 1154 1149 vita
1165 1101 1226 1148 mori

141 1172 195 1240 tur,
213 1182 310 1218 sacrum
329 1181 418 1217 munus
438 1182 482 1229 pro
502 1169 630 1226 omnibus,
649 1168 674 1214 et
697 1172 800 1218 nesciat.
812 1172 926 1231 Denique
936 1172 1039 1231 apostoli
1054 1169 1115 1216 rnori
1131 1169 1226 1216 nescie-

142 1237 214 1296 quasi
232 1237 351 1297 reparate
366 1236 477 1296 quaedam
492 1235 611 1282 libamina
628 1246 674 1281 na·
697 1240 770 1297 runl3
781 1239 848 1287 uude
859 1241 885 1286 et
896 1239 989 1286 dictum
1000 1239 1051 1285 est:
1063 1238 1148 1294 Arnen,
1159 1249 1228 1283 amco

142 1303 674 1366 lurae.Prlmitiaeergoqoiescentiumchris·
697 1308 747 1354 dico
763 1309 839 1367 vohis,
853 1310 921 1357 mulli
936 1323 967 1357 cac
982 1308 1017 1356 his
1028 1307 1225 1355 adstantibusnon

143 1378 194 1423 cus.
210 1375 259 1423 sea
270 1376 353 1422 utrum
363 1386 461 1422 suorum
478 1371 672 1433 quiescentium,
697 1377 823 1436 eumcum
833 1381 944 1436 motem,
954 1381 1026 1425 nnec
1036 1378 1129 1424 eseam
1140 1376 1227 1422 necron

143 1445 188 1504 qui
199 1444 269 1505 quasi
280 1443 484 1491 mortisexsories
494 1441 673 1501 duleiquodam
697 1445 797 1495 irminae
811 1450 939 1496 „mmmm
960 1449 986 1495 m
1002 1459 1073 1506 regno
1090 1458 1142 1492 cao.
1158 1443 1228 1490 vivit

143 1525 232 1573 sopore
243 1514 387 1572 teneantur,
398 1524 429 1558 an
440 1511 551 1558 omnium
562 1511 673 1557 mortuo·
698 1514 764 1560 enim
775 1515 818 1574 qui
831 1528 880 1563 non
891 1514 981 1574 habet,
991 1514 1057 1574 quod
1073 1512 1190 1560 moriatur
1200 1509 1235 1557 iu'

143 1581 216 1630 rum?
226 1581 274 1629 Sed
281 1585 344 1630 'sicul
354 1585 379 1629 io
389 1582 467 1629 Adam
478 1593 556 1627 omnes
567 1580 674 1626 moriau-
698 1594 740 1641 eo,
751 1584 794 1644 qui
813 1596 863 1631 non
876 1585 953 1632 babet
966 1597 999 1631 ex
1019 1582 1119 1642 egypto
1132 1580 1228 1627 calcea-

143 1647 672 1710 mr,atacemclrmloomoesemmobammz
697 1653 808 1701 mentum
826 1653 925 1714 aliquod
947 1653 991 1700 aut
1008 1652 1137 1701 vinculum
1157 1665 1164 1696 ε
1184 1649 1228 1698 sed

143 1721 229 1781 mque
240 1716 430 1778 sicuturimitiae
440 1716 526 1775 morus
541 1716 568 1761 n
582 1714 673 1773 auam,
698 1723 776 1769 exuo
786 1722 848 1770 rnuu
866 1723 1007 1783 priusquam
1028 1722 1136 1781 corporo
1153 1714 1228 1777 nujus

144 1791 180 1837 ita
202 1789 278 1837 etiarn
298 1786 414 1849 primitiae
439 1782 626 1841 resurretfiffllis
646 1783 673 1831 in
697 1780 1228 1849 deponatolficiunmonsclusitaqueunoch

143 1858 261 1927 Christo..
313 1923 316 1927 ι
698 1857 846 1917 vivit,quia
859 1858 987 1906 nousolus
1001 1853 1227 1916 estraptusrrapi-

174 1926 215 1975 92.
227 1927 317 1976 omnes
328 1925 478 1987 resurgunt,
493 1923 537 1972 sed
547 1934 619 1970 nemo
629 1921 675 1969 de·
698 1924 738 1971 tur
748 1925 773 1972 et
783 1926 872 1973 Paulus
889 1926 988 1973 obviarn
1000 1924 1105 1972 Christo.

143 1998 240 2058 speret,
258 2009 340 2058 neque
357 1998 437 2057 justus
453 1993 535 2042 doleat
546 1998 674 2039 commuue
728 1993 767 2040 95.
778 1994 871 2042 vivunt
887 1993 962 2042 etiam
975 1992 1133 2053 patriarchae3
1146 2002 1228 2050 neque

142 2059 675 2125 consortiumresureendhcumprecipuum
698 2062 765 2108 enirn
773 2062 846 2110 aliter
855 2063 923 2110 Deus
933 2061 1144 2120 Abraham,l)eus
1152 2059 1227 2115 lsaac,

144 2136 253 2200 fructum
263 2136 363 2184 virtutis
372 2133 507 2192 exspectet.
523 2132 607 2180 Omnes
622 2131 674 2189 qm'-
698 2133 724 2178 et
733 2131 801 2178 Deus
810 2131 899 2191 Jacob,
910 2130 959 2178 nisi
970 2129 1059 2177 mortui
1068 2127 1182 2177 viverent
1190 2125 1229 2172 dl-

144 2207 342 2266 demersurum,
358 2202 579 2262 ercammarus,
595 2197 624 2245 ut
638 2196 673 2244 ait
698 2194 1228 2259 ceretur3Deusenimmortuor'umncuest,

143 2275 285 2336 Apostolus,
295 2276 321 2322 ait
331 2286 373 2320 cue
388 2273 477 2320 ordios.
487 2266 626 2316 Communis
638 2265 675 2314 est
698 2269 741 2316 sed
748 2268 897 2316 viventium.
905 2267 1025 2315 Viremus
1033 2266 1058 2313 et
1065 2278 1122 2324 nos,
1130 2263 1150 2310 si
1161 2262 1228 2322 gesta

144 2346 237 2393 «livinae
246 2343 340 2390 lructrrs
350 2339 486 2389 elementiae
493 2371 501 2396 ,
508 2337 562 2385 sed
571 2335 674 2383 distiuc-
698 2350 825 2398 moresque
832 2339 952 2398 majorum
963 2335 1116 2385 volucrimus
1126 2331 1226 2379 imitari.

142 2417 186 2462 tus
195 2405 673 2462 ordomeritorumbiesonnlbuslucet,
697 2404 1133 2467 Miramurpatriarcharumpraemia,
1145 2401 1228 2448 imite-

143 2483 181 2530 sol
199 2494 284 2529 omnes
302 2479 404 2540 populos
415 2475 497 2534 lovel,
516 2472 599 2533 pluvia
611 2483 674 2531 -pos-
697 2487 753 2522 mur
774 2477 891 2536 obsequia
909 2474 1092 2535 :praedicamus
1109 2471 1227 2532 gratiam,

143 2553 267 2602 sessiones
282 2549 391 2598 omnium
405 2546 520 2595 uberiore
534 2542 614 2589 imbre
628 2541 674 2588 foe-
698 2555 829 2602 sequamur
846 2543 1027 2600 obedientiam,
1045 2554 1094 2588 non
1109 2540 1171 2587 escis
1190 2539 1229 2584 in·

108 2638 112 2643 ·
144 2622 246 2670 enudat.
697 2610 780 2671 ducti,
797 2611 880 2659 saeculi
891 2613 991 2670 laqueos
1002 2609 1146 2657 incidamus.
1159 2607 1226 2654 hrri-

174 2690 216 2738 93.
236 2690 326 2736 Omnes
339 2687 478 2742 nascimur,
494 2693 579 2730 omnes
593 2691 675 2728 resur-
698 2681 795 2737 piamus
803 2679 1013 2739 opportunitatem
1031 2676 1156 2737 temporis,
1166 2687 1228 2735 prosv

143 2771 232 2818 gemus
242 2757 336 2804 :sedin
346 2750 499 2811 utroquevel
509 2749 622 2808 vivendi,
634 2748 675 2796 vel
699 2749 816 2809 scriptum
822 2750 903 2808 Legis,
915 2747 1072 2794 clementiam
1083 2745 1228 2801 vocationis,

144 2823 315 2875 reviviscendi
327 2821 405 2881 gratia
412 2819 503 2878 dispar,
513 2816 611 2864 diversa
619 2829 675 2863 cou-
699 2817 849 2864 desiderium
858 2816 985 2876 passionis.
995 2815 1115 2860 Exierunt
1123 2813 1154 2859 de
1163 2814 1227 2859 terra

144 2896 217 2946 ditio.
230 2888 472 2945 lomomcntoenim,
483 2888 563 2934 mictu
574 2886 676 2946 ocultius
699 2897 742 2930 sua
763 2883 923 2944 patriarche,
934 2884 959 2929 ct
977 2894 1021 2928 nos
1036 2893 1154 2928 exeamus
1173 2892 1228 2939 pro-

142 2967 272 3016 rwcissima
290 2960 347 3010 tubo
362 2959 451 3006 orortm'
466 2957 585 3014 resurgent
600 2955 676 3012 incor-
699 2953 778 3012 posito
788 2952 935 3012 decerperis
945 2950 1083 3010 potestate3
1099 2961 1143 2995 nos
1156 2960 1228 2995 exea·

142 3039 219 3098 rupti,
227 3035 249 3080 et
256 3045 299 3079 nos
305 3027 492 3078 {aemulabimum
503 3022 643 3082 Quinetiam
650 3024 675 3068 in
699 3020 935 3081 musproposito,illl
947 3018 1049 3066 exsilio:
1059 3016 1103 3064 sed
1111 3016 1226 3065 exsilium

144 3108 200 3166 ipsa
208 3103 287 3151 morte
302 3095 435 3160 quiescunt
450 3091 510 3151 alli,
521 3091 610 3138 vivunt
620 3090 673 3138 alii.
698 3103 747 3138 non
758 3091 886 3150 putarunt,
896 3088 961 3149 quod
972 3086 1069 3136 devotio
1078 3086 1172 3144 obiret,
1180 3097 1229 3131 non

145 3175 213 3220 Boua
230 3169 316 3231 quies,
336 3163 381 3211 sed
395 3163 447 3210 rita
456 3159 552 3208 melior.
563 3158 675 3218 Denique
699 3159 832 3208 necessitas
854 3156 996 3218 imperaret.
1014 3155 1054 3202 llli
1069 3156 1161 3202 terram
1178 3154 1229 3201 solo

145 3241 236 3288 Paulus
254 3235 372 3285 advitam
383 3230 475 3279 excitat
491 3230 674 3290 quiescentem,
698 3226 839 3285 mutarunt,
850 3237 895 3272 nos
907 3226 997 3272 terram
1014 3224 1076 3271 coelo
1088 3223 1228 3268 mutemus:

146 3310 232 3357 dicens
243 3319 250 3352 t
263 3309 337 3365 serpe
351 3303 392 3364 qui
401 3300 502 3356 dormis,
517 3301 539 3345 ct
551 3311 675 3357 excerpere
699 3295 737 3344 illi
757 3295 921 3350 habitatione,
938 3304 982 3338 nos
996 3291 1094 3351 spiritu.
1106 3290 1157 3351 lllis
1171 3288 1230 3336 illu-

145 3377 288 3433 mortuia,cl
296 3370 437 3421 illuminabit
444 3369 486 3417 tibi
493 3368 606 3417 Christus.
615 3369 675 3427 Ergo
698 3363 819 3411 minatum
836 3362 913 3410 stellis
934 3360 1024 3408 coelum
1042 3359 1177 3407 ostenderit
1192 3369 1229 3404 sa·

146 3448 188 3494 liic
197 3443 338 3499 excitatur,
348 3439 466 3497 utvivat,
477 3437 505 3484 ut
512 3436 600 3484 similis
607 3436 675 3483 Pauli
698 3430 889 3493 pientia,nostri
901 3429 980 3477 cordis
998 3429 1080 3475 oculos
1093 3427 1226 3474 illuminet.

146 3515 194 3575 sit,
212 3516 239 3560 ut
253 3511 330 3571 possit
339 3508 422 3555 dicere
435 3519 441 3552 :
454 3507 515 3568 Quia
532 3518 574 3552 nos
589 3507 630 3565 qui
640 3507 676 3552 oi·
698 3501 737 3548 Sic
747 3501 821 3560 typus
837 3498 950 3554 veritati,
962 3497 988 3545 et
998 3496 1090 3543 veritas
1105 3495 1230 3542 concurrit

146 3586 236 3640 rimas,
246 3593 294 3628 non
301 3580 466 3640 preveniemus
475 3588 513 3622 eor
525 3576 565 3634 qai
575 3575 675 3620 dormie-
699 3570 766 3630 typo.

147 3655 213 3699 root.
235 3651 287 3696 Non
303 3647 369 3694 euim
385 3653 540 3691 communem
556 3642 621 3688 hurrc
640 3642 677 3687 vi·
720 3638 894 3687 'sombernon
906 3637 1004 3696 paratus
1013 3632 1166 3694 excipiendis
1174 3633 1230 3678 hos

146 3719 223 3768 vendi
233 3717 343 3777 loquitur
350 3710 676 3772 usum,spiraudiquecorn·
700 3701 1230 3768 pitibus,lldelisl)e0,impigerministerio,

146 3788 278 3843 mercium,
286 3783 451 3833 sedmeritum
458 3777 609 3838 resurgendi.
617 3778 675 3824 Nam
700 3775 810 3836 promtus
821 3773 915 3833 ollicio,
929 3771 1073 3818 Trinitatem
1085 3771 1112 3816 in
1121 3771 1181 3829 typo
1191 3770 1229 3816 vi-

147 3867 205 3903 cum
219 3851 322 3899 dixisset
334 3864 341 3895 r
353 3851 385 3897 Et
404 3849 493 3895 coortat
503 3847 543 3907 pai
553 3849 577 3893 m
586 3845 677 3894 Christo
700 3844 749 3903 dit,
758 3842 949 3903 hospitalitatem
957 3835 1228 3898 religionecnmularit,

147 3928 217 3980 sunl,
227 3923 346 3981 rerurqent
355 3920 440 3980 primi3
451 3916 556 3973 subjecit
566 3915 656 3962 deinde
668 3929 675 3960 r
701 3915 751 3963 tres
760 3911 910 3972 suspiciens,
920 3921 996 3957 urium
1009 3907 1125 3962 adorans;
1137 3905 1161 3950 et
1173 3914 1229 3960 per-

148 3996 179 4040 di
190 4005 233 4039 nos
245 3993 284 4051 put
295 3986 476 4045 vleimmmimet
487 3984 590 4031 cumillis
601 3985 677 4045 raple-
701 3994 814 4031 sonarum
823 3976 979 4028 distinctione
988 3977 1096 4032 servata,
1109 3982 1184 4017 uuum
1194 3970 1229 4013 tn-

147 4073 203 4108 mrcr
213 4061 239 4106 in
249 4057 348 4107 aubibus
364 4056 455 4104 ebriam
470 4052 561 4102 Christo
571 4053 596 4098 io
611 4065 676 4099 ocra.
702 4050 896 4098 menllominum
905 4044 1057 4100 nominabat,
1068 4040 1144 4087 trihus
1152 4037 1231 4084 hono-
1242 4059 1245 4062 <
