<?xml version="1.0" encoding="UTF-8"?>
<!DOCTYPE html PUBLIC "-//W3C//DTD XHTML 1.0 Transitional//EN"
    "http://www.w3.org/TR/xhtml1/DTD/xhtml1-transitional.dtd">
<html xmlns="http://www.w3.org/1999/xhtml" xml:lang="en" lang="en">
 <head>
  <title>
</title>
<meta http-equiv="Content-Type" content="text/html;charset=utf-8" />
  <meta name='ocr-system' content='tesseract 3.04.00' />
  <meta name='ocr-capabilities' content='ocr_page ocr_carea ocr_par ocr_line ocrx_word'/>
</head>
<body>
  <div class='ocr_page' id='page_1' title='image "./operaomnia03ambrgoog/operaomnia03ambrgoog_0107.png"; bbox 0 0 2760 4800; ppageno 0'>
   <div class='ocr_carea' id='block_1_1' title="bbox 139 419 840 480">
    <p class='ocr_par' dir='ltr' id='par_1_1' title="bbox 139 419 840 480">
     <span class='ocr_line' id='line_1_1' title="bbox 139 419 840 480; baseline -0.014 0"><span class='ocrx_word' id='word_1_1' title='bbox 139 419 184 480; x_wconf 78' lang='lat' dir='ltr'><strong>td)</strong></span> <span class='ocrx_word' id='word_1_2' title='bbox 523 425 648 474; x_wconf 78' lang='lat' dir='ltr'><strong>sineri</strong></span> <span class='ocrx_word' id='word_1_3' title='bbox 670 420 840 474; x_wconf 82' lang='lat' dir='ltr'><strong>auaaosri</strong></span> 
     </span>
    </p>
   </div>
   <div class='ocr_carea' id='block_1_2' title="bbox 137 492 1251 1522">
    <p class='ocr_par' dir='ltr' id='par_1_2' title="bbox 137 492 1251 985">
     <span class='ocr_line' id='line_1_2' title="bbox 137 492 1220 572; baseline -0.012 -9"><span class='ocrx_word' id='word_1_4' title='bbox 137 507 666 572; x_wconf 74' lang='lat' dir='ltr'><strong>vinculiscogitationum,nullossibinodos</strong></span> <span class='ocrx_word' id='word_1_5' title='bbox 721 492 1220 564; x_wconf 71' lang='lat' dir='ltr'><strong>ra.vruiumnctgncmrosepa,qumdo</strong></span> 
     </span>
     <span class='ocr_line' id='line_1_3' title="bbox 139 570 1220 637; baseline -0.011 -9"><span class='ocrx_word' id='word_1_6' title='bbox 139 580 243 629; x_wconf 85' lang='lat' dir='ltr'><strong>assiduae</strong></span> <span class='ocrx_word' id='word_1_7' title='bbox 257 591 325 627; x_wconf 86' lang='lat' dir='ltr'><strong>nexu</strong></span> <span class='ocrx_word' id='word_1_8' title='bbox 339 578 506 627; x_wconf 78' lang='lat' dir='ltr'><strong>meditationis</strong></span> <span class='ocrx_word' id='word_1_9' title='bbox 520 578 665 637; x_wconf 79' lang='lat' dir='ltr'><strong>adstringat,</strong></span> <span class='ocrx_word' id='word_1_10' title='bbox 691 590 749 624; x_wconf 93' lang='lat' dir='ltr'><strong>eum</strong></span> <span class='ocrx_word' id='word_1_11' title='bbox 760 575 874 623; x_wconf 87' lang='lat' dir='ltr'><strong>adulterii</strong></span> <span class='ocrx_word' id='word_1_12' title='bbox 888 574 977 633; x_wconf 90' lang='lat' dir='ltr'><strong>cupida</strong></span> <span class='ocrx_word' id='word_1_13' title='bbox 993 573 1085 618; x_wconf 90' lang='lat' dir='ltr'><strong>mulier</strong></span> <span class='ocrx_word' id='word_1_14' title='bbox 1094 570 1220 630; x_wconf 87' lang='lat' dir='ltr'><strong>alloquuta</strong></span> 
     </span>
     <span class='ocr_line' id='line_1_4' title="bbox 138 636 1251 707; baseline -0.008 -13"><span class='ocrx_word' id='word_1_15' title='bbox 138 648 307 695; x_wconf 89' lang='lat' dir='ltr'><strong>nonintendat</strong></span> <span class='ocrx_word' id='word_1_16' title='bbox 315 647 403 707; x_wconf 72' lang='lat' dir='ltr'><strong>saepius</strong></span> <span class='ocrx_word' id='word_1_17' title='bbox 411 647 437 693; x_wconf 91' lang='lat' dir='ltr'><strong>in</strong></span> <span class='ocrx_word' id='word_1_18' title='bbox 445 647 546 694; x_wconf 81' lang='lat' dir='ltr'><strong>formam</strong></span> <span class='ocrx_word' id='word_1_19' title='bbox 555 647 666 694; x_wconf 90' lang='lat' dir='ltr'><strong>mulieris</strong></span> <span class='ocrx_word' id='word_1_20' title='bbox 692 645 729 692; x_wconf 88' lang='lat' dir='ltr'><strong>ast</strong></span> <span class='ocrx_word' id='word_1_21' title='bbox 742 658 748 689; x_wconf 80' lang='lat' dir='ltr'><strong><em>z</em></strong></span> <span class='ocrx_word' id='word_1_22' title='bbox 760 643 839 691; x_wconf 82' lang='lat' dir='ltr'><strong>voluit</strong></span> <span class='ocrx_word' id='word_1_23' title='bbox 849 654 905 689; x_wconf 91' lang='lat' dir='ltr'><strong>eum</strong></span> <span class='ocrx_word' id='word_1_24' title='bbox 915 652 1003 699; x_wconf 81' lang='lat' dir='ltr'><strong>capere</strong></span> <span class='ocrx_word' id='word_1_25' title='bbox 1015 649 1142 697; x_wconf 81' lang='lat' dir='ltr'>sermone,</span> <span class='ocrx_word' id='word_1_26' title='bbox 1153 636 1220 683; x_wconf 80' lang='lat' dir='ltr'><strong>misit</strong></span> <span class='ocrx_word' id='word_1_27' title='bbox 1248 681 1251 685; x_wconf 85' lang='lat'><strong>.</strong></span> 
     </span>
     <span class='ocr_line' id='line_1_5' title="bbox 139 706 1220 775; baseline -0.01 -13"><span class='ocrx_word' id='word_1_28' title='bbox 139 717 286 775; x_wconf 89' lang='lat' dir='ltr'><strong>meretricis,</strong></span> <span class='ocrx_word' id='word_1_29' title='bbox 293 729 339 764; x_wconf 91' lang='lat' dir='ltr'><strong>nec</strong></span> <span class='ocrx_word' id='word_1_30' title='bbox 348 716 564 763; x_wconf 89' lang='lat' dir='ltr'><strong>adolescentulaad</strong></span> <span class='ocrx_word' id='word_1_31' title='bbox 571 716 665 762; x_wconf 92' lang='lat' dir='ltr'><strong>vultum</strong></span> <span class='ocrx_word' id='word_1_32' title='bbox 691 715 791 773; x_wconf 86' lang='lat' dir='ltr'><strong>laqueos</strong></span> <span class='ocrx_word' id='word_1_33' title='bbox 799 711 919 758; x_wconf 90' lang='lat' dir='ltr'><strong>labiorum</strong></span> <span class='ocrx_word' id='word_1_34' title='bbox 927 706 1091 766; x_wconf 90' lang='lat' dir='ltr'><strong>suorum,sed</strong></span> <span class='ocrx_word' id='word_1_35' title='bbox 1101 706 1220 766; x_wconf 89' lang='lat' dir='ltr'><strong>pudicum</strong></span> 
     </span>
     <span class='ocr_line' id='line_1_6' title="bbox 137 773 1220 841; baseline -0.012 -10"><span class='ocrx_word' id='word_1_36' title='bbox 137 783 237 841; x_wconf 82' lang='lat' dir='ltr'><strong>iuvenis</strong></span> <span class='ocrx_word' id='word_1_37' title='bbox 248 785 331 833; x_wconf 79' lang='lat' dir='ltr'><strong>oeulos</strong></span> <span class='ocrx_word' id='word_1_38' title='bbox 351 785 427 832; x_wconf 89' lang='lat' dir='ltr'><strong>levet.</strong></span> <span class='ocrx_word' id='word_1_39' title='bbox 439 785 468 830; x_wconf 84' lang='lat' dir='ltr'><strong>Et</strong></span> <span class='ocrx_word' id='word_1_40' title='bbox 480 784 500 831; x_wconf 91' lang='lat' dir='ltr'><strong>si</strong></span> <span class='ocrx_word' id='word_1_41' title='bbox 512 783 615 830; x_wconf 79' lang='lat' dir='ltr'><strong>fortuitu</strong></span> <span class='ocrx_word' id='word_1_42' title='bbox 625 783 666 829; x_wconf 89' lang='lat' dir='ltr'><strong>ad·</strong></span> <span class='ocrx_word' id='word_1_43' title='bbox 690 782 772 828; x_wconf 88' lang='lat' dir='ltr'><strong>virum</strong></span> <span class='ocrx_word' id='word_1_44' title='bbox 789 781 866 840; x_wconf 78' lang='lat' dir='ltr'><strong>ligare</strong></span> <span class='ocrx_word' id='word_1_45' title='bbox 885 789 934 824; x_wconf 91' lang='lat' dir='ltr'><strong>non</strong></span> <span class='ocrx_word' id='word_1_46' title='bbox 951 777 1041 836; x_wconf 90' lang='lat' dir='ltr'><strong>potuit.</strong></span> <span class='ocrx_word' id='word_1_47' title='bbox 1057 774 1138 822; x_wconf 83' lang='lat' dir='ltr'><strong>Solvit</strong></span> <span class='ocrx_word' id='word_1_48' title='bbox 1154 773 1220 820; x_wconf 89' lang='lat' dir='ltr'><strong>enim</strong></span> 
     </span>
     <span class='ocr_line' id='line_1_7' title="bbox 140 842 1222 914; baseline -0.009 -16"><span class='ocrx_word' id='word_1_49' title='bbox 140 854 237 912; x_wconf 83' lang='lat' dir='ltr'><strong>spexit,</strong></span> <span class='ocrx_word' id='word_1_50' title='bbox 249 854 356 914; x_wconf 87' lang='lat' dir='ltr'><strong>ctcapta</strong></span> <span class='ocrx_word' id='word_1_51' title='bbox 369 854 420 912; x_wconf 83' lang='lat' dir='ltr'><strong>est3</strong></span> <span class='ocrx_word' id='word_1_52' title='bbox 432 852 610 912; x_wconf 70' lang='lat' dir='ltr'><strong>quantomagis</strong></span> <span class='ocrx_word' id='word_1_53' title='bbox 625 855 666 898; x_wconf 84' lang='lat' dir='ltr'><strong>e&#39;a·</strong></span> <span class='ocrx_word' id='word_1_54' title='bbox 691 849 789 897; x_wconf 90' lang='lat' dir='ltr'><strong>vincula</strong></span> <span class='ocrx_word' id='word_1_55' title='bbox 807 842 919 895; x_wconf 89' lang='lat' dir='ltr'><strong>mulieris</strong></span> <span class='ocrx_word' id='word_1_56' title='bbox 937 859 987 895; x_wconf 86' lang='lat' dir='ltr'><strong>vox</strong></span> <span class='ocrx_word' id='word_1_57' title='bbox 1003 844 1121 904; x_wconf 91' lang='lat' dir='ltr'><strong>pudoris,</strong></span> <span class='ocrx_word' id='word_1_58' title='bbox 1140 853 1222 890; x_wconf 88' lang='lat' dir='ltr'><strong>sermo</strong></span> 
     </span>
     <span class='ocr_line' id='line_1_8' title="bbox 139 912 1221 985; baseline -0.008 -18"><span class='ocrx_word' id='word_1_59' title='bbox 139 919 238 985; x_wconf 86' lang='lat' dir='ltr'><strong>pietur,</strong></span> <span class='ocrx_word' id='word_1_60' title='bbox 249 920 270 968; x_wconf 90' lang='lat' dir='ltr'><strong>si</strong></span> <span class='ocrx_word' id='word_1_61' title='bbox 281 922 375 968; x_wconf 89' lang='lat' dir='ltr'><strong>curiosa</strong></span> <span class='ocrx_word' id='word_1_62' title='bbox 387 917 516 978; x_wconf 74' lang='lat' dir='ltr'><strong>adspexit?</strong></span> <span class='ocrx_word' id='word_1_63' title='bbox 691 919 832 979; x_wconf 78' lang='lat' dir='ltr'><strong>gravitatis,</strong></span> <span class='ocrx_word' id='word_1_64' title='bbox 849 917 945 964; x_wconf 82' lang='lat' dir='ltr'>habena</span> <span class='ocrx_word' id='word_1_65' title='bbox 960 915 1077 972; x_wconf 76' lang='lat' dir='ltr'><strong>cautelas,</strong></span> <span class='ocrx_word' id='word_1_66' title='bbox 1088 912 1147 959; x_wconf 84' lang='lat' dir='ltr'><strong>fidei</strong></span> <span class='ocrx_word' id='word_1_67' title='bbox 1165 923 1221 958; x_wconf 87' lang='lat' dir='ltr'><strong>cus·</strong></span> 
     </span>
    </p>

    <p class='ocr_par' dir='ltr' id='par_1_3' title="bbox 138 980 1221 1522">
     <span class='ocr_line' id='line_1_9' title="bbox 167 980 1221 1043; baseline -0.009 -10"><span class='ocrx_word' id='word_1_68' title='bbox 167 987 210 1033; x_wconf 77' lang='lat' dir='ltr'><strong>aa:</strong></span> <span class='ocrx_word' id='word_1_69' title='bbox 221 987 267 1033; x_wconf 84' lang='lat' dir='ltr'><strong>Vel</strong></span> <span class='ocrx_word' id='word_1_70' title='bbox 282 986 432 1033; x_wconf 88' lang='lat' dir='ltr'><strong>consuetudo</strong></span> <span class='ocrx_word' id='word_1_71' title='bbox 448 998 492 1032; x_wconf 88' lang='lat' dir='ltr'><strong>nos</strong></span> <span class='ocrx_word' id='word_1_72' title='bbox 504 986 597 1034; x_wconf 88' lang='lat' dir='ltr'><strong>doceat.</strong></span> <span class='ocrx_word' id='word_1_73' title='bbox 609 983 666 1031; x_wconf 91' lang='lat' dir='ltr'><strong>ldeo</strong></span> <span class='ocrx_word' id='word_1_74' title='bbox 692 987 776 1043; x_wconf 85' lang='lat' dir='ltr'><strong>todia,</strong></span> <span class='ocrx_word' id='word_1_75' title='bbox 796 984 945 1032; x_wconf 86' lang='lat' dir='ltr'><strong>castimoniae</strong></span> <span class='ocrx_word' id='word_1_76' title='bbox 967 980 1106 1040; x_wconf 76' lang='lat' dir='ltr'><strong>disciplina.</strong></span> <span class='ocrx_word' id='word_1_77' title='bbox 1128 980 1221 1038; x_wconf 81' lang='lat' dir='ltr'><strong>Capera</strong></span> 
     </span>
     <span class='ocr_line' id='line_1_10' title="bbox 140 1047 1221 1113; baseline -0.011 -10"><span class='ocrx_word' id='word_1_78' title='bbox 140 1055 264 1103; x_wconf 90' lang='lat' dir='ltr'><strong>velamine</strong></span> <span class='ocrx_word' id='word_1_79' title='bbox 275 1053 380 1101; x_wconf 85' lang='lat' dir='ltr'><strong>obnubit</strong></span> <span class='ocrx_word' id='word_1_80' title='bbox 390 1054 464 1113; x_wconf 89' lang='lat' dir='ltr'><strong>eaput</strong></span> <span class='ocrx_word' id='word_1_81' title='bbox 475 1066 546 1100; x_wconf 89' lang='lat' dir='ltr'><strong>suum</strong></span> <span class='ocrx_word' id='word_1_82' title='bbox 562 1053 665 1110; x_wconf 90' lang='lat' dir='ltr'><strong>mulier,</strong></span> <span class='ocrx_word' id='word_1_83' title='bbox 692 1052 765 1110; x_wconf 77' lang='lat' dir='ltr'><strong>igilur</strong></span> <span class='ocrx_word' id='word_1_84' title='bbox 781 1065 837 1099; x_wconf 90' lang='lat' dir='ltr'><strong>eum</strong></span> <span class='ocrx_word' id='word_1_85' title='bbox 853 1051 948 1098; x_wconf 91' lang='lat' dir='ltr'><strong>retibus</strong></span> <span class='ocrx_word' id='word_1_86' title='bbox 963 1049 1014 1097; x_wconf 88' lang='lat' dir='ltr'><strong>suis</strong></span> <span class='ocrx_word' id='word_1_87' title='bbox 1029 1047 1155 1107; x_wconf 90' lang='lat' dir='ltr'><strong>impudica</strong></span> <span class='ocrx_word' id='word_1_88' title='bbox 1171 1058 1221 1092; x_wconf 90' lang='lat' dir='ltr'><strong>non</strong></span> 
     </span>
     <span class='ocr_line' id='line_1_11' title="bbox 139 1113 1221 1184; baseline -0.009 -13"><span class='ocrx_word' id='word_1_89' title='bbox 139 1124 167 1171; x_wconf 92' lang='lat' dir='ltr'><strong>ut</strong></span> <span class='ocrx_word' id='word_1_90' title='bbox 178 1124 253 1171; x_wconf 88' lang='lat' dir='ltr'><strong>etiam</strong></span> <span class='ocrx_word' id='word_1_91' title='bbox 260 1122 286 1169; x_wconf 92' lang='lat' dir='ltr'><strong>in</strong></span> <span class='ocrx_word' id='word_1_92' title='bbox 294 1122 393 1184; x_wconf 88' lang='lat' dir='ltr'><strong>publico</strong></span> <span class='ocrx_word' id='word_1_93' title='bbox 401 1123 454 1170; x_wconf 90' lang='lat' dir='ltr'><strong>tuta</strong></span> <span class='ocrx_word' id='word_1_94' title='bbox 462 1121 610 1170; x_wconf 79' lang='lat' dir='ltr'><strong>uerecundia</strong></span> <span class='ocrx_word' id='word_1_95' title='bbox 619 1120 665 1168; x_wconf 90' lang='lat' dir='ltr'><strong>sit:</strong></span> <span class='ocrx_word' id='word_1_96' title='bbox 691 1121 771 1179; x_wconf 87' lang='lat' dir='ltr'><strong>potuit</strong></span> <span class='ocrx_word' id='word_1_97' title='bbox 783 1133 789 1166; x_wconf 91' lang='lat'>:</span> <span class='ocrx_word' id='word_1_98' title='bbox 802 1119 869 1166; x_wconf 87' lang='lat' dir='ltr'><strong>misit</strong></span> <span class='ocrx_word' id='word_1_99' title='bbox 879 1130 993 1176; x_wconf 90' lang='lat' dir='ltr'><strong>manum,</strong></span> <span class='ocrx_word' id='word_1_100' title='bbox 1012 1117 1038 1164; x_wconf 89' lang='lat' dir='ltr'><strong>et</strong></span> <span class='ocrx_word' id='word_1_101' title='bbox 1055 1113 1221 1175; x_wconf 76' lang='lat' dir='ltr'><strong>apprehendit</strong></span> 
     </span>
     <span class='ocr_line' id='line_1_12' title="bbox 138 1183 1221 1248; baseline -0.009 -9"><span class='ocrx_word' id='word_1_102' title='bbox 138 1205 188 1241; x_wconf 88' lang='lat' dir='ltr'><strong>non</strong></span> <span class='ocrx_word' id='word_1_103' title='bbox 199 1191 272 1239; x_wconf 79' lang='lat' dir='ltr'><strong>facile</strong></span> <span class='ocrx_word' id='word_1_104' title='bbox 283 1190 366 1240; x_wconf 88' lang='lat' dir='ltr'><strong>vultus</strong></span> <span class='ocrx_word' id='word_1_105' title='bbox 376 1191 429 1248; x_wconf 81' lang='lat' dir='ltr'><strong>ejus</strong></span> <span class='ocrx_word' id='word_1_106' title='bbox 440 1189 601 1237; x_wconf 90' lang='lat' dir='ltr'><strong>adolescentis</strong></span> <span class='ocrx_word' id='word_1_107' title='bbox 608 1200 667 1235; x_wconf 89' lang='lat' dir='ltr'><strong>ocu·</strong></span> <span class='ocrx_word' id='word_1_108' title='bbox 691 1190 785 1234; x_wconf 88' lang='lat' dir='ltr'><strong>vestem</strong></span> <span class='ocrx_word' id='word_1_109' title='bbox 797 1189 867 1246; x_wconf 78' lang='lat' dir='ltr'><strong>eius,</strong></span> <span class='ocrx_word' id='word_1_110' title='bbox 878 1188 906 1233; x_wconf 89' lang='lat' dir='ltr'><strong>ut</strong></span> <span class='ocrx_word' id='word_1_111' title='bbox 917 1186 980 1233; x_wconf 92' lang='lat' dir='ltr'><strong>nodo</strong></span> <span class='ocrx_word' id='word_1_112' title='bbox 989 1184 1129 1244; x_wconf 80' lang='lat' dir='ltr'><strong>stringeret.</strong></span> <span class='ocrx_word' id='word_1_113' title='bbox 1141 1183 1221 1230; x_wconf 80' lang='lat' dir='ltr'><strong>Verba</strong></span> 
     </span>
     <span class='ocr_line' id='line_1_13' title="bbox 139 1251 1221 1318; baseline -0.009 -11"><span class='ocrx_word' id='word_1_114' title='bbox 139 1262 175 1307; x_wconf 93' lang='lat' dir='ltr'><strong>los</strong></span> <span class='ocrx_word' id='word_1_115' title='bbox 190 1260 319 1317; x_wconf 80' lang='lat' dir='ltr'><strong>occurrat,</strong></span> <span class='ocrx_word' id='word_1_116' title='bbox 337 1258 442 1318; x_wconf 87' lang='lat' dir='ltr'><strong>nuptiali</strong></span> <span class='ocrx_word' id='word_1_117' title='bbox 460 1258 583 1305; x_wconf 83' lang='lat' dir='ltr'><strong>uelamine</strong></span> <span class='ocrx_word' id='word_1_118' title='bbox 601 1256 666 1302; x_wconf 88' lang='lat' dir='ltr'><strong>tecta</strong></span> <span class='ocrx_word' id='word_1_119' title='bbox 690 1257 825 1316; x_wconf 90' lang='lat' dir='ltr'><strong>petulantis</strong></span> <span class='ocrx_word' id='word_1_120' title='bbox 843 1254 956 1302; x_wconf 89' lang='lat' dir='ltr'><strong>mulieris</strong></span> <span class='ocrx_word' id='word_1_121' title='bbox 975 1253 1140 1313; x_wconf 85' lang='lat' dir='ltr'><strong>cupiditatum</strong></span> <span class='ocrx_word' id='word_1_122' title='bbox 1156 1251 1221 1298; x_wconf 87' lang='lat' dir='ltr'><strong>retia</strong></span> 
     </span>
     <span class='ocr_line' id='line_1_14' title="bbox 138 1318 1221 1386; baseline -0.008 -12"><span class='ocrx_word' id='word_1_123' title='bbox 138 1327 185 1386; x_wconf 84' lang='lat' dir='ltr'><strong>sit3</strong></span> <span class='ocrx_word' id='word_1_124' title='bbox 198 1340 230 1374; x_wconf 89' lang='lat' dir='ltr'><strong>ne</strong></span> <span class='ocrx_word' id='word_1_125' title='bbox 245 1327 286 1373; x_wconf 89' lang='lat' dir='ltr'><strong>vel</strong></span> <span class='ocrx_word' id='word_1_126' title='bbox 304 1325 413 1373; x_wconf 81' lang='lat' dir='ltr'><strong>fortuitis</strong></span> <span class='ocrx_word' id='word_1_127' title='bbox 427 1324 569 1372; x_wconf 82' lang='lat' dir='ltr'><strong>occursibus</strong></span> <span class='ocrx_word' id='word_1_128' title='bbox 584 1323 667 1382; x_wconf 91' lang='lat' dir='ltr'><strong>pateat</strong></span> <span class='ocrx_word' id='word_1_129' title='bbox 691 1326 760 1383; x_wconf 89' lang='lat' dir='ltr'><strong>sunt,</strong></span> <span class='ocrx_word' id='word_1_130' title='bbox 773 1337 858 1372; x_wconf 89' lang='lat' dir='ltr'><strong>manus</strong></span> <span class='ocrx_word' id='word_1_131' title='bbox 866 1324 920 1382; x_wconf 74' lang='lat' dir='ltr'><strong>eius</strong></span> <span class='ocrx_word' id='word_1_132' title='bbox 928 1323 1016 1370; x_wconf 88' lang='lat' dir='ltr'><strong>amoris</strong></span> <span class='ocrx_word' id='word_1_133' title='bbox 1027 1321 1104 1368; x_wconf 91' lang='lat' dir='ltr'><strong>nodus</strong></span> <span class='ocrx_word' id='word_1_134' title='bbox 1112 1321 1151 1367; x_wconf 89' lang='lat' dir='ltr'><strong>cst</strong></span> <span class='ocrx_word' id='word_1_135' title='bbox 1161 1333 1167 1365; x_wconf 75' lang='grc' dir='ltr'><strong>ε</strong></span> <span class='ocrx_word' id='word_1_136' title='bbox 1177 1318 1221 1366; x_wconf 89' lang='lat' dir='ltr'><strong>sed</strong></span> 
     </span>
     <span class='ocr_line' id='line_1_15' title="bbox 138 1386 1220 1451; baseline -0.008 -9"><span class='ocrx_word' id='word_1_137' title='bbox 138 1396 170 1442; x_wconf 90' lang='lat' dir='ltr'><strong>ad</strong></span> <span class='ocrx_word' id='word_1_138' title='bbox 181 1397 271 1442; x_wconf 89' lang='lat' dir='ltr'><strong>vulnus</strong></span> <span class='ocrx_word' id='word_1_139' title='bbox 281 1394 322 1441; x_wconf 82' lang='lat' dir='ltr'><strong>rel</strong></span> <span class='ocrx_word' id='word_1_140' title='bbox 333 1393 457 1451; x_wconf 89' lang='lat' dir='ltr'><strong>alienum,</strong></span> <span class='ocrx_word' id='word_1_141' title='bbox 468 1394 509 1440; x_wconf 88' lang='lat' dir='ltr'><strong>vel</strong></span> <span class='ocrx_word' id='word_1_142' title='bbox 519 1404 590 1438; x_wconf 90' lang='lat' dir='ltr'><strong>suum</strong></span> <span class='ocrx_word' id='word_1_143' title='bbox 603 1404 610 1436; x_wconf 74' lang='grc' dir='ltr'><strong><em>τ</em></strong></span> <span class='ocrx_word' id='word_1_144' title='bbox 623 1392 667 1438; x_wconf 90' lang='lat' dir='ltr'><strong>sed</strong></span> <span class='ocrx_word' id='word_1_145' title='bbox 691 1403 736 1440; x_wconf 87' lang='lat' dir='ltr'><strong>nee</strong></span> <span class='ocrx_word' id='word_1_146' title='bbox 753 1393 850 1440; x_wconf 89' lang='lat' dir='ltr'><strong>retibus</strong></span> <span class='ocrx_word' id='word_1_147' title='bbox 866 1393 920 1451; x_wconf 92' lang='lat' dir='ltr'><strong>capi</strong></span> <span class='ocrx_word' id='word_1_148' title='bbox 936 1391 1017 1450; x_wconf 91' lang='lat' dir='ltr'><strong>potuit</strong></span> <span class='ocrx_word' id='word_1_149' title='bbox 1033 1399 1104 1435; x_wconf 89' lang='lat' dir='ltr'><strong>meas</strong></span> <span class='ocrx_word' id='word_1_150' title='bbox 1115 1386 1220 1447; x_wconf 89' lang='lat' dir='ltr'><strong>pudica,</strong></span> 
     </span>
     <span class='ocr_line' id='line_1_16' title="bbox 139 1455 1220 1522; baseline -0.007 -12"><span class='ocrx_word' id='word_1_151' title='bbox 139 1463 271 1522; x_wconf 90' lang='lat' dir='ltr'><strong>utrumque</strong></span> <span class='ocrx_word' id='word_1_152' title='bbox 290 1472 362 1508; x_wconf 89' lang='lat' dir='ltr'><strong>suum</strong></span> <span class='ocrx_word' id='word_1_153' title='bbox 382 1462 472 1507; x_wconf 88' lang='lat' dir='ltr'><strong>vulnus</strong></span> <span class='ocrx_word' id='word_1_154' title='bbox 492 1460 538 1507; x_wconf 85' lang='lat' dir='ltr'><strong>est.</strong></span> <span class='ocrx_word' id='word_1_155' title='bbox 557 1459 665 1517; x_wconf 83' lang='lat' dir='ltr'><strong>Quodsi</strong></span> <span class='ocrx_word' id='word_1_156' title='bbox 691 1472 737 1508; x_wconf 91' lang='lat' dir='ltr'><strong>nec</strong></span> <span class='ocrx_word' id='word_1_157' title='bbox 755 1462 819 1508; x_wconf 92' lang='lat' dir='ltr'><strong>nodo</strong></span> <span class='ocrx_word' id='word_1_158' title='bbox 831 1475 838 1507; x_wconf 76' lang='grc' dir='ltr'><strong>ε</strong></span> <span class='ocrx_word' id='word_1_159' title='bbox 851 1471 954 1509; x_wconf 86' lang='lat' dir='ltr'><strong>excussa</strong></span> <span class='ocrx_word' id='word_1_160' title='bbox 969 1458 1059 1517; x_wconf 79' lang='lat' dir='ltr'><strong>restis,</strong></span> <span class='ocrx_word' id='word_1_161' title='bbox 1076 1458 1170 1504; x_wconf 77' lang='lat' dir='ltr'><strong>solutum</strong></span> <span class='ocrx_word' id='word_1_162' title='bbox 1181 1455 1220 1503; x_wconf 90' lang='lat' dir='ltr'><strong>est</strong></span> 
     </span>
    </p>
   </div>
   <div class='ocr_carea' id='block_1_3' title="bbox 16 1524 1220 1591">
    <p class='ocr_par' dir='ltr' id='par_1_4' title="bbox 16 1524 1220 1591">
     <span class='ocr_line' id='line_1_17' title="bbox 16 1524 1220 1591; baseline -0.007 -13"><span class='ocrx_word' id='word_1_163' title='bbox 16 1562 19 1567; x_wconf 90' lang='lat'><em>-</em></span> <span class='ocrx_word' id='word_1_164' title='bbox 44 1579 47 1585; x_wconf 79' lang='grc'><strong>,</strong></span> <span class='ocrx_word' id='word_1_165' title='bbox 138 1531 249 1591; x_wconf 74' lang='lat' dir='ltr'><strong>tegmine</strong></span> <span class='ocrx_word' id='word_1_166' title='bbox 266 1530 340 1589; x_wconf 91' lang='lat' dir='ltr'><strong>caput</strong></span> <span class='ocrx_word' id='word_1_167' title='bbox 361 1528 441 1585; x_wconf 86' lang='lat' dir='ltr'><strong>velat,</strong></span> <span class='ocrx_word' id='word_1_168' title='bbox 460 1540 491 1576; x_wconf 93' lang='lat' dir='ltr'><strong>ne</strong></span> <span class='ocrx_word' id='word_1_169' title='bbox 511 1530 604 1575; x_wconf 90' lang='lat' dir='ltr'><strong>temere</strong></span> <span class='ocrx_word' id='word_1_170' title='bbox 622 1529 667 1574; x_wconf 91' lang='lat' dir='ltr'><strong>aut</strong></span> <span class='ocrx_word' id='word_1_171' title='bbox 691 1524 1220 1589; x_wconf 74' lang='lat' dir='ltr'><strong>nodus,etideoquianonalligavitigaem</strong></span> 
     </span>
    </p>
   </div>
   <div class='ocr_carea' id='block_1_4' title="bbox 74 1593 1222 3777">
    <p class='ocr_par' dir='ltr' id='par_1_5' title="bbox 74 1593 1222 3777">
     <span class='ocr_line' id='line_1_18' title="bbox 139 1593 1220 1657; baseline -0.006 -12"><span class='ocrx_word' id='word_1_172' title='bbox 139 1599 266 1656; x_wconf 90' lang='lat' dir='ltr'><strong>videatur,</strong></span> <span class='ocrx_word' id='word_1_173' title='bbox 276 1598 319 1644; x_wconf 87' lang='lat' dir='ltr'><strong>aut</strong></span> <span class='ocrx_word' id='word_1_174' title='bbox 329 1595 411 1645; x_wconf 88' lang='lat' dir='ltr'><strong>videat</strong></span> <span class='ocrx_word' id='word_1_175' title='bbox 423 1594 499 1657; x_wconf 84' lang='lat' dir='ltr'><strong>(dum</strong></span> <span class='ocrx_word' id='word_1_176' title='bbox 512 1597 579 1643; x_wconf 89' lang='lat' dir='ltr'><strong>enim</strong></span> <span class='ocrx_word' id='word_1_177' title='bbox 590 1597 665 1656; x_wconf 90' lang='lat' dir='ltr'><strong>caput</strong></span> <span class='ocrx_word' id='word_1_178' title='bbox 691 1599 718 1645; x_wconf 91' lang='lat' dir='ltr'><strong>in</strong></span> <span class='ocrx_word' id='word_1_179' title='bbox 728 1600 783 1645; x_wconf 90' lang='lat' dir='ltr'><strong>sinu</strong></span> <span class='ocrx_word' id='word_1_180' title='bbox 793 1597 883 1644; x_wconf 86' lang='lat' dir='ltr'><strong>mentia</strong></span> <span class='ocrx_word' id='word_1_181' title='bbox 892 1608 957 1655; x_wconf 87' lang='lat' dir='ltr'><strong>suae,</strong></span> <span class='ocrx_word' id='word_1_182' title='bbox 967 1606 1017 1642; x_wconf 89' lang='lat' dir='ltr'><strong>non</strong></span> <span class='ocrx_word' id='word_1_183' title='bbox 1027 1593 1160 1642; x_wconf 88' lang='lat' dir='ltr'><strong>combussit</strong></span> <span class='ocrx_word' id='word_1_184' title='bbox 1167 1603 1220 1641; x_wconf 85' lang='lat' dir='ltr'><strong>eor·</strong></span> 
     </span>
     <span class='ocr_line' id='line_1_19' title="bbox 140 1663 823 1727; baseline 0 -13"><span class='ocrx_word' id='word_1_185' title='bbox 140 1668 253 1727; x_wconf 85' lang='lat' dir='ltr'><strong>velatur,</strong></span> <span class='ocrx_word' id='word_1_186' title='bbox 272 1667 355 1714; x_wconf 81' lang='lat' dir='ltr'><strong>vultus</strong></span> <span class='ocrx_word' id='word_1_187' title='bbox 373 1665 531 1713; x_wconf 84' lang='lat' dir='ltr'><strong>absconditur</strong></span> <span class='ocrx_word' id='word_1_188' title='bbox 547 1663 556 1726; x_wconf 92' lang='lat'><strong>)</strong></span> <span class='ocrx_word' id='word_1_189' title='bbox 572 1665 666 1724; x_wconf 89' lang='lat' dir='ltr'><strong>quanto</strong></span> <span class='ocrx_word' id='word_1_190' title='bbox 690 1678 823 1726; x_wconf 88' lang='lat' dir='ltr'><strong>passuum.</strong></span> 
     </span>
     <span class='ocr_line' id='line_1_20' title="bbox 139 1729 1220 1794; baseline -0.003 -13"><span class='ocrx_word' id='word_1_191' title='bbox 139 1735 308 1794; x_wconf 76' lang='lat' dir='ltr'><strong>magisvelare</strong></span> <span class='ocrx_word' id='word_1_192' title='bbox 316 1746 343 1780; x_wconf 91' lang='lat' dir='ltr'><strong>se</strong></span> <span class='ocrx_word' id='word_1_193' title='bbox 352 1733 426 1780; x_wconf 90' lang='lat' dir='ltr'><strong>debet</strong></span> <span class='ocrx_word' id='word_1_194' title='bbox 434 1733 533 1793; x_wconf 90' lang='lat' dir='ltr'><strong>pudoris</strong></span> <span class='ocrx_word' id='word_1_195' title='bbox 542 1729 665 1792; x_wconf 72' lang='lat' dir='ltr'><strong>tegmine,</strong></span> <span class='ocrx_word' id='word_1_196' title='bbox 721 1735 759 1781; x_wconf 79' lang='lat'><strong>73.</strong></span> <span class='ocrx_word' id='word_1_197' title='bbox 771 1734 846 1782; x_wconf 89' lang='lat' dir='ltr'><strong>Vides</strong></span> <span class='ocrx_word' id='word_1_198' title='bbox 863 1746 935 1794; x_wconf 75' lang='lat' dir='ltr'><strong>ergo,</strong></span> <span class='ocrx_word' id='word_1_199' title='bbox 949 1733 1008 1794; x_wconf 85' lang='lat' dir='ltr'><strong>quia</strong></span> <span class='ocrx_word' id='word_1_200' title='bbox 1025 1733 1122 1780; x_wconf 87' lang='lat' dir='ltr'><strong>animus</strong></span> <span class='ocrx_word' id='word_1_201' title='bbox 1136 1729 1220 1778; x_wconf 88' lang='lat' dir='ltr'><strong>noster</strong></span> 
     </span>
     <span class='ocr_line' id='line_1_21' title="bbox 138 1800 1219 1862; baseline -0.004 -12"><span class='ocrx_word' id='word_1_202' title='bbox 138 1803 168 1851; x_wconf 91' lang='lat' dir='ltr'><strong>ut</strong></span> <span class='ocrx_word' id='word_1_203' title='bbox 178 1802 253 1849; x_wconf 90' lang='lat' dir='ltr'><strong>etiam</strong></span> <span class='ocrx_word' id='word_1_204' title='bbox 269 1803 295 1848; x_wconf 90' lang='lat' dir='ltr'><strong>in</strong></span> <span class='ocrx_word' id='word_1_205' title='bbox 311 1800 410 1862; x_wconf 90' lang='lat' dir='ltr'><strong>publico</strong></span> <span class='ocrx_word' id='word_1_206' title='bbox 424 1801 514 1848; x_wconf 89' lang='lat' dir='ltr'><strong>habeat</strong></span> <span class='ocrx_word' id='word_1_207' title='bbox 529 1813 601 1848; x_wconf 89' lang='lat' dir='ltr'><strong>suum</strong></span> <span class='ocrx_word' id='word_1_208' title='bbox 612 1802 666 1861; x_wconf 85' lang='lat' dir='ltr'><strong>ipsa</strong></span> <span class='ocrx_word' id='word_1_209' title='bbox 691 1804 768 1862; x_wconf 89' lang='lat' dir='ltr'><strong>culpae</strong></span> <span class='ocrx_word' id='word_1_210' title='bbox 778 1803 816 1849; x_wconf 88' lang='lat' dir='ltr'><strong>est</strong></span> <span class='ocrx_word' id='word_1_211' title='bbox 824 1801 1015 1862; x_wconf 77' lang='lat' dir='ltr'><strong>auctoriltaque</strong></span> <span class='ocrx_word' id='word_1_212' title='bbox 1024 1801 1142 1848; x_wconf 84' lang='lat' dir='ltr'><strong>innocens</strong></span> <span class='ocrx_word' id='word_1_213' title='bbox 1149 1812 1219 1858; x_wconf 89' lang='lat' dir='ltr'><strong>caro,</strong></span> 
     </span>
     <span class='ocr_line' id='line_1_22' title="bbox 138 1869 1219 1934; baseline -0.004 -14"><span class='ocrx_word' id='word_1_214' title='bbox 138 1869 278 1920; x_wconf 73' lang='lat' dir='ltr'><strong>secretum!</strong></span> <span class='ocrx_word' id='word_1_215' title='bbox 691 1873 734 1921; x_wconf 89' lang='lat' dir='ltr'><strong>sed</strong></span> <span class='ocrx_word' id='word_1_216' title='bbox 749 1875 895 1934; x_wconf 90' lang='lat' dir='ltr'><strong>plerumque</strong></span> <span class='ocrx_word' id='word_1_217' title='bbox 909 1873 1005 1932; x_wconf 88' lang='lat' dir='ltr'><strong>peccati</strong></span> <span class='ocrx_word' id='word_1_218' title='bbox 1020 1872 1141 1918; x_wconf 86' lang='lat' dir='ltr'><strong>ministra.</strong></span> <span class='ocrx_word' id='word_1_219' title='bbox 1157 1873 1219 1930; x_wconf 74' lang='lat' dir='ltr'><strong>Ergo</strong></span> 
     </span>
     <span class='ocr_line' id='line_1_23' title="bbox 168 1939 1219 2002; baseline -0.004 -14"><span class='ocrx_word' id='word_1_220' title='bbox 168 1940 611 2002; x_wconf 86' lang='lat' dir='ltr'><strong>70.Verumesto,incideritoculus,</strong></span> <span class='ocrx_word' id='word_1_221' title='bbox 622 1941 666 1988; x_wconf 91' lang='lat' dir='ltr'><strong>sed</strong></span> <span class='ocrx_word' id='word_1_222' title='bbox 691 1955 739 1988; x_wconf 91' lang='lat' dir='ltr'><strong>uon</strong></span> <span class='ocrx_word' id='word_1_223' title='bbox 757 1943 783 1989; x_wconf 87' lang='lat' dir='ltr'><strong>te</strong></span> <span class='ocrx_word' id='word_1_224' title='bbox 801 1943 885 1990; x_wconf 87' lang='lat' dir='ltr'><strong>vincat</strong></span> <span class='ocrx_word' id='word_1_225' title='bbox 904 1941 988 1989; x_wconf 86' lang='lat' dir='ltr'><strong>tormaa</strong></span> <span class='ocrx_word' id='word_1_226' title='bbox 1009 1939 1219 2000; x_wconf 87' lang='lat' dir='ltr'><strong>concupiscentia.</strong></span> 
     </span>
     <span class='ocr_line' id='line_1_24' title="bbox 138 2006 1220 2066; baseline -0.005 -10"><span class='ocrx_word' id='word_1_227' title='bbox 138 2022 188 2057; x_wconf 90' lang='lat' dir='ltr'><strong>nou</strong></span> <span class='ocrx_word' id='word_1_228' title='bbox 199 2011 310 2057; x_wconf 88' lang='lat' dir='ltr'><strong>intendat</strong></span> <span class='ocrx_word' id='word_1_229' title='bbox 318 2011 426 2058; x_wconf 75' lang='lat' dir='ltr'><strong>attentus.</strong></span> <span class='ocrx_word' id='word_1_230' title='bbox 435 2013 488 2058; x_wconf 88' lang='lat' dir='ltr'><strong>Non</strong></span> <span class='ocrx_word' id='word_1_231' title='bbox 497 2011 562 2057; x_wconf 89' lang='lat' dir='ltr'><strong>enim</strong></span> <span class='ocrx_word' id='word_1_232' title='bbox 573 2009 664 2058; x_wconf 78' lang='lat' dir='ltr'><strong>vidisse</strong></span> <span class='ocrx_word' id='word_1_233' title='bbox 691 2010 765 2058; x_wconf 87' lang='lat' dir='ltr'><strong>lllulta</strong></span> <span class='ocrx_word' id='word_1_234' title='bbox 775 2010 838 2057; x_wconf 91' lang='lat' dir='ltr'><strong>retia</strong></span> <span class='ocrx_word' id='word_1_235' title='bbox 855 2010 989 2056; x_wconf 81' lang='lat' dir='ltr'><strong>tendmitur</strong></span> <span class='ocrx_word' id='word_1_236' title='bbox 1000 2021 1013 2055; x_wconf 89' lang='lat' dir='ltr'><strong>a</strong></span> <span class='ocrx_word' id='word_1_237' title='bbox 1025 2008 1135 2066; x_wconf 91' lang='lat' dir='ltr'><strong>diabolo,</strong></span> <span class='ocrx_word' id='word_1_238' title='bbox 1147 2006 1220 2053; x_wconf 90' lang='lat' dir='ltr'><strong>multi</strong></span> 
     </span>
     <span class='ocr_line' id='line_1_25' title="bbox 139 2075 1220 2143; baseline -0.004 -17"><span class='ocrx_word' id='word_1_239' title='bbox 139 2075 233 2126; x_wconf 87' lang='lat' dir='ltr'><strong>crimen</strong></span> <span class='ocrx_word' id='word_1_240' title='bbox 244 2081 293 2138; x_wconf 92' lang='lat' dir='ltr'><strong>est,</strong></span> <span class='ocrx_word' id='word_1_241' title='bbox 303 2079 347 2126; x_wconf 88' lang='lat' dir='ltr'><strong>sed</strong></span> <span class='ocrx_word' id='word_1_242' title='bbox 357 2077 493 2143; x_wconf 85' lang='lat' dir='ltr'><strong>cavendum</strong></span> <span class='ocrx_word' id='word_1_243' title='bbox 511 2090 543 2125; x_wconf 89' lang='lat' dir='ltr'><strong>ne</strong></span> <span class='ocrx_word' id='word_1_244' title='bbox 555 2079 622 2136; x_wconf 77' lang='lat' dir='ltr'><strong>oripo</strong></span> <span class='ocrx_word' id='word_1_245' title='bbox 633 2076 666 2124; x_wconf 89' lang='lat' dir='ltr'><strong>sit</strong></span> <span class='ocrx_word' id='word_1_246' title='bbox 691 2079 783 2139; x_wconf 88' lang='lat' dir='ltr'><strong>laquei.</strong></span> <span class='ocrx_word' id='word_1_247' title='bbox 795 2079 885 2126; x_wconf 82' lang='lat' dir='ltr'><strong>oculus</strong></span> <span class='ocrx_word' id='word_1_248' title='bbox 892 2077 1029 2125; x_wconf 89' lang='lat' dir='ltr'><strong>meretricis</strong></span> <span class='ocrx_word' id='word_1_249' title='bbox 1039 2079 1142 2137; x_wconf 86' lang='lat' dir='ltr'><strong>laqueus</strong></span> <span class='ocrx_word' id='word_1_250' title='bbox 1152 2088 1220 2122; x_wconf 92' lang='lat' dir='ltr'><strong>ama·</strong></span> 
     </span>
     <span class='ocr_line' id='line_1_26' title="bbox 138 2143 1221 2207; baseline -0.003 -13"><span class='ocrx_word' id='word_1_251' title='bbox 138 2147 258 2195; x_wconf 88' lang='lat' dir='ltr'><strong>criminis.</strong></span> <span class='ocrx_word' id='word_1_252' title='bbox 280 2147 355 2194; x_wconf 87' lang='lat' dir='ltr'><strong>Videt</strong></span> <span class='ocrx_word' id='word_1_253' title='bbox 374 2146 480 2194; x_wconf 92' lang='lat' dir='ltr'><strong>carnalis</strong></span> <span class='ocrx_word' id='word_1_254' title='bbox 500 2147 601 2204; x_wconf 89' lang='lat' dir='ltr'><strong>oculus,</strong></span> <span class='ocrx_word' id='word_1_255' title='bbox 622 2143 666 2191; x_wconf 89' lang='lat' dir='ltr'><strong>sed</strong></span> <span class='ocrx_word' id='word_1_256' title='bbox 690 2150 750 2195; x_wconf 86' lang='lat' dir='ltr'><strong>toris</strong></span> <span class='ocrx_word' id='word_1_257' title='bbox 765 2148 811 2196; x_wconf 88' lang='lat' dir='ltr'><strong>est.</strong></span> <span class='ocrx_word' id='word_1_258' title='bbox 830 2146 879 2207; x_wconf 91' lang='lat' dir='ltr'><strong>Ipsi</strong></span> <span class='ocrx_word' id='word_1_259' title='bbox 898 2147 968 2194; x_wconf 92' lang='lat' dir='ltr'><strong>uobis</strong></span> <span class='ocrx_word' id='word_1_260' title='bbox 983 2147 1048 2194; x_wconf 92' lang='lat' dir='ltr'><strong>oculi</strong></span> <span class='ocrx_word' id='word_1_261' title='bbox 1064 2145 1142 2193; x_wconf 90' lang='lat' dir='ltr'><strong>nostri</strong></span> <span class='ocrx_word' id='word_1_262' title='bbox 1156 2145 1221 2193; x_wconf 89' lang='lat' dir='ltr'><strong>retia</strong></span> 
     </span>
     <span class='ocr_line' id='line_1_27' title="bbox 74 2213 1220 2276; baseline -0.002 -14"><span class='ocrx_word' id='word_1_263' title='bbox 74 2234 76 2239; x_wconf 55' lang='lat'><strong><em>¹</em></strong></span> <span class='ocrx_word' id='word_1_264' title='bbox 138 2217 235 2274; x_wconf 89' lang='lat' dir='ltr'><strong>premat</strong></span> <span class='ocrx_word' id='word_1_265' title='bbox 252 2216 443 2272; x_wconf 87' lang='lat' dir='ltr'><strong>cordisoculos,</strong></span> <span class='ocrx_word' id='word_1_266' title='bbox 461 2215 559 2260; x_wconf 90' lang='lat' dir='ltr'><strong>maneat</strong></span> <span class='ocrx_word' id='word_1_267' title='bbox 577 2213 666 2258; x_wconf 85' lang='lat' dir='ltr'><strong>mentis</strong></span> <span class='ocrx_word' id='word_1_268' title='bbox 691 2219 761 2276; x_wconf 75' lang='lat' dir='ltr'><strong>sunt,</strong></span> <span class='ocrx_word' id='word_1_269' title='bbox 774 2219 799 2263; x_wconf 89' lang='lat' dir='ltr'><strong>et</strong></span> <span class='ocrx_word' id='word_1_270' title='bbox 809 2215 866 2264; x_wconf 92' lang='lat' dir='ltr'><strong>ideo</strong></span> <span class='ocrx_word' id='word_1_271' title='bbox 882 2215 1001 2275; x_wconf 90' lang='lat' dir='ltr'><strong>scriptum</strong></span> <span class='ocrx_word' id='word_1_272' title='bbox 1020 2215 1057 2262; x_wconf 89' lang='lat' dir='ltr'><strong>est</strong></span> <span class='ocrx_word' id='word_1_273' title='bbox 1068 2228 1076 2261; x_wconf 80' lang='lat' dir='ltr'><strong>r</strong></span> <span class='ocrx_word' id='word_1_274' title='bbox 1088 2217 1167 2275; x_wconf 79' lang='lat' dir='ltr'><strong>Nepae</strong></span> <span class='ocrx_word' id='word_1_275' title='bbox 1178 2227 1220 2261; x_wconf 85' lang='lat' dir='ltr'><strong>ca-</strong></span> 
     </span>
     <span class='ocr_line' id='line_1_28' title="bbox 138 2279 1221 2345; baseline -0.002 -13"><span class='ocrx_word' id='word_1_276' title='bbox 138 2283 296 2330; x_wconf 74' lang='lat' dir='ltr'><strong>verecundia·</strong></span> <span class='ocrx_word' id='word_1_277' title='bbox 313 2282 436 2327; x_wconf 78' lang='lat' dir='ltr'><strong>Habemus</strong></span> <span class='ocrx_word' id='word_1_278' title='bbox 447 2281 568 2325; x_wconf 70' lang='lat' dir='ltr'><strong>moralem</strong></span> <span class='ocrx_word' id='word_1_279' title='bbox 587 2280 612 2324; x_wconf 76' lang='lat' dir='ltr'><strong>et</strong></span> <span class='ocrx_word' id='word_1_280' title='bbox 628 2279 667 2324; x_wconf 81' lang='lat' dir='ltr'><strong>iss-</strong></span> <span class='ocrx_word' id='word_1_281' title='bbox 690 2287 763 2345; x_wconf 84' lang='lat' dir='ltr'><strong>piaris</strong></span> <span class='ocrx_word' id='word_1_282' title='bbox 774 2287 845 2332; x_wconf 84' lang='lat' dir='ltr'><strong>oculis</strong></span> <span class='ocrx_word' id='word_1_283' title='bbox 856 2287 910 2332; x_wconf 86' lang='lat' dir='ltr'><strong>tuis.</strong></span> <span class='ocrx_word' id='word_1_284' title='bbox 927 2285 976 2343; x_wconf 84' lang='lat' dir='ltr'><strong>ipsi</strong></span> <span class='ocrx_word' id='word_1_285' title='bbox 986 2284 1057 2331; x_wconf 86' lang='lat' dir='ltr'><strong>nohis</strong></span> <span class='ocrx_word' id='word_1_286' title='bbox 1068 2296 1126 2343; x_wconf 78' lang='lat' dir='ltr'><strong>ergo</strong></span> <span class='ocrx_word' id='word_1_287' title='bbox 1138 2282 1221 2330; x_wconf 87' lang='lat' dir='ltr'><strong>tendi·</strong></span> 
     </span>
     <span class='ocr_line' id='line_1_29' title="bbox 139 2345 1221 2411; baseline 0 -16"><span class='ocrx_word' id='word_1_288' title='bbox 139 2348 281 2407; x_wconf 77' lang='lat' dir='ltr'><strong>dulgentem</strong></span> <span class='ocrx_word' id='word_1_289' title='bbox 307 2347 458 2403; x_wconf 81' lang='lat' dir='ltr'><strong>Dominum3</strong></span> <span class='ocrx_word' id='word_1_290' title='bbox 481 2345 545 2391; x_wconf 82' lang='lat' dir='ltr'><strong>dixit</strong></span> <span class='ocrx_word' id='word_1_291' title='bbox 565 2345 666 2404; x_wconf 84' lang='lat' dir='ltr'><strong>quidem</strong></span> <span class='ocrx_word' id='word_1_292' title='bbox 691 2365 745 2399; x_wconf 89' lang='lat' dir='ltr'><strong>mus</strong></span> <span class='ocrx_word' id='word_1_293' title='bbox 753 2353 829 2411; x_wconf 87' lang='lat' dir='ltr'><strong>retia,</strong></span> <span class='ocrx_word' id='word_1_294' title='bbox 839 2353 928 2411; x_wconf 87' lang='lat' dir='ltr'><strong>quibus</strong></span> <span class='ocrx_word' id='word_1_295' title='bbox 939 2351 1089 2399; x_wconf 84' lang='lat' dir='ltr'><strong>involvimur</strong></span> <span class='ocrx_word' id='word_1_296' title='bbox 1100 2352 1126 2398; x_wconf 90' lang='lat' dir='ltr'><strong>et</strong></span> <span class='ocrx_word' id='word_1_297' title='bbox 1136 2349 1221 2410; x_wconf 88' lang='lat' dir='ltr'><strong>impli-</strong></span> 
     </span>
     <span class='ocr_line' id='line_1_30' title="bbox 138 2413 1220 2478; baseline -0.001 -12"><span class='ocrx_word' id='word_1_298' title='bbox 138 2416 258 2475; x_wconf 82' lang='lat' dir='ltr'><strong>propheta</strong></span> <span class='ocrx_word' id='word_1_299' title='bbox 271 2429 278 2460; x_wconf 74' lang='grc' dir='ltr'><em>τ</em></span> <span class='ocrx_word' id='word_1_300' title='bbox 291 2413 666 2471; x_wconf 76' lang='lat' dir='ltr'><strong>Noloiatendosintormamma·</strong></span> <span class='ocrx_word' id='word_1_301' title='bbox 691 2431 785 2467; x_wconf 89' lang='lat' dir='ltr'><strong>camur.</strong></span> <span class='ocrx_word' id='word_1_302' title='bbox 804 2419 854 2478; x_wconf 94' lang='lat' dir='ltr'><strong>lpsi</strong></span> <span class='ocrx_word' id='word_1_303' title='bbox 874 2421 944 2467; x_wconf 88' lang='lat' dir='ltr'><strong>nobis</strong></span> <span class='ocrx_word' id='word_1_304' title='bbox 962 2420 1061 2467; x_wconf 88' lang='lat' dir='ltr'><strong>vincula</strong></span> <span class='ocrx_word' id='word_1_305' title='bbox 1081 2419 1220 2477; x_wconf 86' lang='lat' dir='ltr'><strong>nectimus,</strong></span> 
     </span>
     <span class='ocr_line' id='line_1_31' title="bbox 139 2481 1221 2549; baseline 0.004 -19"><span class='ocrx_word' id='word_1_306' title='bbox 139 2484 203 2531; x_wconf 83' lang='lat' dir='ltr'><strong>iteris</strong></span> <span class='ocrx_word' id='word_1_307' title='bbox 218 2484 369 2543; x_wconf 70' lang='lat' dir='ltr'><strong>fornicarie,</strong></span> <span class='ocrx_word' id='word_1_308' title='bbox 386 2481 429 2529; x_wconf 91' lang='lat' dir='ltr'><strong>sed</strong></span> <span class='ocrx_word' id='word_1_309' title='bbox 447 2481 530 2528; x_wconf 83' lang='lat' dir='ltr'><strong>tamea</strong></span> <span class='ocrx_word' id='word_1_310' title='bbox 545 2481 667 2528; x_wconf 82' lang='lat' dir='ltr'><strong>Dominus</strong></span> <span class='ocrx_word' id='word_1_311' title='bbox 691 2487 1221 2549; x_wconf 73' lang='lat' dir='ltr'><strong>sicutlegimus:Quiariucnlispeccatorum</strong></span> 
     </span>
     <span class='ocr_line' id='line_1_32' title="bbox 139 2550 1164 2616; baseline 0.006 -19"><span class='ocrx_word' id='word_1_312' title='bbox 139 2550 220 2598; x_wconf 89' lang='lat' dir='ltr'><strong>dixit:</strong></span> <span class='ocrx_word' id='word_1_313' title='bbox 230 2552 492 2612; x_wconf 78' lang='lat' dir='ltr'><strong>Qiciaideritnsaliercra</strong></span> <span class='ocrx_word' id='word_1_314' title='bbox 503 2551 534 2596; x_wconf 76' lang='lat' dir='ltr'><strong>aci</strong></span> <span class='ocrx_word' id='word_1_315' title='bbox 546 2552 666 2610; x_wconf 77' lang='lat' dir='ltr'><strong>corlcupia·</strong></span> <span class='ocrx_word' id='word_1_316' title='bbox 691 2568 791 2603; x_wconf 90' lang='lat' dir='ltr'><strong>suorum</strong></span> <span class='ocrx_word' id='word_1_317' title='bbox 803 2557 971 2616; x_wconf 88' lang='lat' dir='ltr'><strong>unusquisque</strong></span> <span class='ocrx_word' id='word_1_318' title='bbox 982 2556 1164 2616; x_wconf 77' lang='lat' dir='ltr'><strong>constringitur.</strong></span> 
     </span>
     <span class='ocr_line' id='line_1_33' title="bbox 139 2619 1221 2690; baseline 0.004 -23"><span class='ocrx_word' id='word_1_319' title='bbox 139 2622 236 2668; x_wconf 74' lang='lat' dir='ltr'><strong>madum</strong></span> <span class='ocrx_word' id='word_1_320' title='bbox 253 2633 306 2667; x_wconf 88' lang='lat' dir='ltr'><strong>cam</strong></span> <span class='ocrx_word' id='word_1_321' title='bbox 316 2651 325 2676; x_wconf 89' lang='lat'><strong>,</strong></span> <span class='ocrx_word' id='word_1_322' title='bbox 337 2619 391 2678; x_wconf 75' lang='lat' dir='ltr'><strong>jam</strong></span> <span class='ocrx_word' id='word_1_323' title='bbox 411 2619 549 2666; x_wconf 76' lang='lat' dir='ltr'><strong>adulteravit</strong></span> <span class='ocrx_word' id='word_1_324' title='bbox 569 2632 620 2665; x_wconf 88' lang='lat' dir='ltr'><strong>earn</strong></span> <span class='ocrx_word' id='word_1_325' title='bbox 641 2622 666 2666; x_wconf 87' lang='lat' dir='ltr'><strong>ia</strong></span> <span class='ocrx_word' id='word_1_326' title='bbox 721 2621 759 2690; x_wconf 54' lang='lat' dir='ltr'><strong>lt,</strong></span> <span class='ocrx_word' id='word_1_327' title='bbox 772 2624 1117 2684; x_wconf 72' lang='lat' dir='ltr'><strong>Etideotranseamusignem</strong></span> <span class='ocrx_word' id='word_1_328' title='bbox 1127 2624 1221 2671; x_wconf 89' lang='lat' dir='ltr'><strong>adoles·</strong></span> 
     </span>
     <span class='ocr_line' id='line_1_34' title="bbox 136 2685 1219 2753; baseline 0.003 -19"><span class='ocrx_word' id='word_1_329' title='bbox 136 2689 266 2735; x_wconf 72' lang='lat' dir='ltr'><strong>cordetuo.</strong></span> <span class='ocrx_word' id='word_1_330' title='bbox 285 2688 338 2733; x_wconf 88' lang='lat' dir='ltr'><strong>Non</strong></span> <span class='ocrx_word' id='word_1_331' title='bbox 353 2685 436 2734; x_wconf 84' lang='lat' dir='ltr'><strong>dixit:</strong></span> <span class='ocrx_word' id='word_1_332' title='bbox 448 2686 474 2732; x_wconf 87' lang='lat' dir='ltr'><strong>Si</strong></span> <span class='ocrx_word' id='word_1_333' title='bbox 488 2686 543 2746; x_wconf 85' lang='lat' dir='ltr'><strong>quis</strong></span> <span class='ocrx_word' id='word_1_334' title='bbox 557 2686 665 2744; x_wconf 85' lang='lat' dir='ltr'><strong>viderit,</strong></span> <span class='ocrx_word' id='word_1_335' title='bbox 691 2690 793 2751; x_wconf 80' lang='lat' dir='ltr'><strong>centias,</strong></span> <span class='ocrx_word' id='word_1_336' title='bbox 810 2693 971 2753; x_wconf 88' lang='lat' dir='ltr'><strong>ardoremque</strong></span> <span class='ocrx_word' id='word_1_337' title='bbox 986 2692 1105 2750; x_wconf 85' lang='lat' dir='ltr'><strong>juvenilis</strong></span> <span class='ocrx_word' id='word_1_338' title='bbox 1122 2692 1219 2739; x_wconf 84' lang='lat' dir='ltr'><strong>aetatis:</strong></span> 
     </span>
     <span class='ocr_line' id='line_1_35' title="bbox 138 2754 1221 2821; baseline 0.006 -18"><span class='ocrx_word' id='word_1_339' title='bbox 138 2755 299 2816; x_wconf 72' lang='lat' dir='ltr'><strong>adulteravit,</strong></span> <span class='ocrx_word' id='word_1_340' title='bbox 316 2754 359 2803; x_wconf 87' lang='lat' dir='ltr'><strong>sed</strong></span> <span class='ocrx_word' id='word_1_341' title='bbox 370 2769 377 2800; x_wconf 76' lang='grc' dir='ltr'><strong><em>ε</em></strong></span> <span class='ocrx_word' id='word_1_342' title='bbox 389 2757 415 2803; x_wconf 88' lang='lat' dir='ltr'><strong>Si</strong></span> <span class='ocrx_word' id='word_1_343' title='bbox 430 2758 482 2815; x_wconf 80' lang='lat' dir='ltr'><strong>pais</strong></span> <span class='ocrx_word' id='word_1_344' title='bbox 499 2757 530 2802; x_wconf 86' lang='lat' dir='ltr'><strong>ad</strong></span> <span class='ocrx_word' id='word_1_345' title='bbox 545 2759 666 2816; x_wconf 89' lang='lat' dir='ltr'><strong>concupis·</strong></span> <span class='ocrx_word' id='word_1_346' title='bbox 691 2761 842 2808; x_wconf 88' lang='lat' dir='ltr'><strong>transeamus</strong></span> <span class='ocrx_word' id='word_1_347' title='bbox 860 2775 967 2821; x_wconf 87' lang='lat' dir='ltr'><strong>aquam,</strong></span> <span class='ocrx_word' id='word_1_348' title='bbox 985 2775 1034 2810; x_wconf 89' lang='lat' dir='ltr'><strong>non</strong></span> <span class='ocrx_word' id='word_1_349' title='bbox 1050 2773 1221 2809; x_wconf 85' lang='lat' dir='ltr'><strong>remaneamus</strong></span> 
     </span>
     <span class='ocr_line' id='line_1_36' title="bbox 136 2823 1221 2890; baseline 0.005 -19"><span class='ocrx_word' id='word_1_350' title='bbox 136 2827 235 2872; x_wconf 85' lang='lat' dir='ltr'><strong>cendum</strong></span> <span class='ocrx_word' id='word_1_351' title='bbox 246 2827 342 2882; x_wconf 74' lang='lat' dir='ltr'><strong>viderit,</strong></span> <span class='ocrx_word' id='word_1_352' title='bbox 353 2836 402 2872; x_wconf 90' lang='lat' dir='ltr'><strong>uon</strong></span> <span class='ocrx_word' id='word_1_353' title='bbox 417 2823 558 2884; x_wconf 85' lang='lat' dir='ltr'><strong>adspectum</strong></span> <span class='ocrx_word' id='word_1_354' title='bbox 574 2825 667 2885; x_wconf 82' lang='lat' dir='ltr'><strong>obliga·</strong></span> <span class='ocrx_word' id='word_1_355' title='bbox 691 2829 717 2875; x_wconf 95' lang='lat' dir='ltr'><strong>in</strong></span> <span class='ocrx_word' id='word_1_356' title='bbox 727 2841 803 2888; x_wconf 82' lang='lat' dir='ltr'><strong>aqua;</strong></span> <span class='ocrx_word' id='word_1_357' title='bbox 816 2842 848 2876; x_wconf 92' lang='lat' dir='ltr'><strong>ne</strong></span> <span class='ocrx_word' id='word_1_358' title='bbox 858 2830 960 2876; x_wconf 90' lang='lat' dir='ltr'><strong>tlumina</strong></span> <span class='ocrx_word' id='word_1_359' title='bbox 971 2843 1015 2878; x_wconf 92' lang='lat' dir='ltr'><strong>nos</strong></span> <span class='ocrx_word' id='word_1_360' title='bbox 1030 2829 1150 2890; x_wconf 86' lang='lat' dir='ltr'><strong>protunda</strong></span> <span class='ocrx_word' id='word_1_361' title='bbox 1161 2842 1221 2876; x_wconf 86' lang='lat' dir='ltr'><strong>con·</strong></span> 
     </span>
     <span class='ocr_line' id='line_1_37' title="bbox 138 2893 1221 2957; baseline 0.005 -16"><span class='ocrx_word' id='word_1_362' title='bbox 138 2893 186 2953; x_wconf 82' lang='lat' dir='ltr'><strong>vit,</strong></span> <span class='ocrx_word' id='word_1_363' title='bbox 194 2894 237 2941; x_wconf 88' lang='lat' dir='ltr'><strong>sed</strong></span> <span class='ocrx_word' id='word_1_364' title='bbox 245 2893 488 2953; x_wconf 82' lang='lat' dir='ltr'><strong>attentumquaesivit.</strong></span> <span class='ocrx_word' id='word_1_365' title='bbox 496 2895 576 2941; x_wconf 91' lang='lat' dir='ltr'><strong>Bonus</strong></span> <span class='ocrx_word' id='word_1_366' title='bbox 584 2895 666 2942; x_wconf 87' lang='lat' dir='ltr'><strong>tamen</strong></span> <span class='ocrx_word' id='word_1_367' title='bbox 691 2897 799 2944; x_wconf 90' lang='lat' dir='ltr'><strong>cludant.</strong></span> <span class='ocrx_word' id='word_1_368' title='bbox 817 2899 976 2946; x_wconf 82' lang='lat' dir='ltr'><strong>Transeamus</strong></span> <span class='ocrx_word' id='word_1_369' title='bbox 994 2899 1072 2957; x_wconf 72' lang='lat' dir='ltr'><strong>magis</strong></span> <span class='ocrx_word' id='word_1_370' title='bbox 1082 2931 1089 2957; x_wconf 95' lang='lat'><strong>,</strong></span> <span class='ocrx_word' id='word_1_371' title='bbox 1100 2901 1128 2946; x_wconf 89' lang='lat' dir='ltr'><strong>ut</strong></span> <span class='ocrx_word' id='word_1_372' title='bbox 1140 2898 1165 2946; x_wconf 90' lang='lat' dir='ltr'><strong>et</strong></span> <span class='ocrx_word' id='word_1_373' title='bbox 1176 2910 1221 2946; x_wconf 91' lang='lat' dir='ltr'><strong>nos</strong></span> 
     </span>
     <span class='ocr_line' id='line_1_38' title="bbox 137 2961 1220 3029; baseline 0.007 -22"><span class='ocrx_word' id='word_1_374' title='bbox 137 2961 466 3023; x_wconf 86' lang='lat' dir='ltr'><strong>pudor,quiipsoscorporis</strong></span> <span class='ocrx_word' id='word_1_375' title='bbox 475 2961 599 3008; x_wconf 87' lang='lat' dir='ltr'><strong>oculossic</strong></span> <span class='ocrx_word' id='word_1_376' title='bbox 608 2974 665 3021; x_wconf 88' lang='lat' dir='ltr'><strong>pre·</strong></span> <span class='ocrx_word' id='word_1_377' title='bbox 691 2967 817 3015; x_wconf 88' lang='lat' dir='ltr'><strong>dicamus:</strong></span> <span class='ocrx_word' id='word_1_378' title='bbox 832 2970 968 3016; x_wconf 79' lang='lat' dir='ltr'><strong>Torrentem</strong></span> <span class='ocrx_word' id='word_1_379' title='bbox 976 2971 1127 3029; x_wconf 77' lang='lat' dir='ltr'><strong>pertransivit</strong></span> <span class='ocrx_word' id='word_1_380' title='bbox 1136 2969 1220 3016; x_wconf 82' lang='lat' dir='ltr'><strong>anima</strong></span> 
     </span>
     <span class='ocr_line' id='line_1_39' title="bbox 137 3030 1218 3095; baseline 0.007 -19"><span class='ocrx_word' id='word_1_381' title='bbox 137 3042 207 3078; x_wconf 92' lang='lat' dir='ltr'><strong>mere</strong></span> <span class='ocrx_word' id='word_1_382' title='bbox 218 3030 666 3090; x_wconf 82' lang='lat' dir='ltr'><strong>consuevit,utsaepenonvideamus</strong></span> <span class='ocrx_word' id='word_1_383' title='bbox 689 3038 785 3095; x_wconf 82' lang='lat' dir='ltr'><strong>nostra,-</strong></span> <span class='ocrx_word' id='word_1_384' title='bbox 803 3036 846 3094; x_wconf 88' lang='lat' dir='ltr'><strong>qui</strong></span> <span class='ocrx_word' id='word_1_385' title='bbox 865 3035 932 3083; x_wconf 91' lang='lat' dir='ltr'><strong>enim</strong></span> <span class='ocrx_word' id='word_1_386' title='bbox 950 3037 1054 3095; x_wconf 82' lang='lat' dir='ltr'><strong>transit,</strong></span> <span class='ocrx_word' id='word_1_387' title='bbox 1071 3037 1153 3084; x_wconf 90' lang='lat' dir='ltr'><strong>salvus</strong></span> <span class='ocrx_word' id='word_1_388' title='bbox 1172 3039 1218 3085; x_wconf 61' lang='lat' dir='ltr'><strong>esti</strong></span> 
     </span>
     <span class='ocr_line' id='line_1_40' title="bbox 138 3097 1222 3166; baseline 0.01 -23"><span class='ocrx_word' id='word_1_389' title='bbox 138 3097 215 3143; x_wconf 89' lang='lat' dir='ltr'><strong>etiam</strong></span> <span class='ocrx_word' id='word_1_390' title='bbox 235 3099 300 3158; x_wconf 88' lang='lat' dir='ltr'><strong>quod</strong></span> <span class='ocrx_word' id='word_1_391' title='bbox 320 3098 441 3146; x_wconf 87' lang='lat' dir='ltr'><strong>videmus.</strong></span> <span class='ocrx_word' id='word_1_392' title='bbox 462 3097 561 3143; x_wconf 80' lang='lat' dir='ltr'><strong>Etenim</strong></span> <span class='ocrx_word' id='word_1_393' title='bbox 582 3101 666 3156; x_wconf 90' lang='lat' dir='ltr'><strong>specie</strong></span> <span class='ocrx_word' id='word_1_394' title='bbox 690 3103 802 3162; x_wconf 87' lang='lat' dir='ltr'><strong>Denique</strong></span> <span class='ocrx_word' id='word_1_395' title='bbox 810 3105 1057 3154; x_wconf 74' lang='lat' dir='ltr'><strong>Dominussteailrst</strong></span> <span class='ocrx_word' id='word_1_396' title='bbox 1066 3109 1222 3166; x_wconf 81' lang='lat' dir='ltr'><strong>transeasper</strong></span> 
     </span>
     <span class='ocr_line' id='line_1_41' title="bbox 137 3164 1221 3232; baseline 0.002 -22"><span class='ocrx_word' id='word_1_397' title='bbox 137 3164 265 3224; x_wconf 87' lang='lat' dir='ltr'><strong>adspicere</strong></span> <span class='ocrx_word' id='word_1_398' title='bbox 277 3164 403 3222; x_wconf 82' lang='lat' dir='ltr'><strong>videmur,</strong></span> <span class='ocrx_word' id='word_1_399' title='bbox 418 3164 539 3223; x_wconf 87' lang='lat' dir='ltr'><strong>quidquid</strong></span> <span class='ocrx_word' id='word_1_400' title='bbox 553 3175 666 3213; x_wconf 87' lang='lat' dir='ltr'><strong>occurre·</strong></span> <span class='ocrx_word' id='word_1_401' title='bbox 690 3184 778 3230; x_wconf 74' lang='lat' dir='ltr'><strong>aquam</strong></span> <span class='ocrx_word' id='word_1_402' title='bbox 783 3204 792 3229; x_wconf 89' lang='lat'><strong>,</strong></span> <span class='ocrx_word' id='word_1_403' title='bbox 805 3176 878 3220; x_wconf 63' lang='lat' dir='ltr'><strong>recum</strong></span> <span class='ocrx_word' id='word_1_404' title='bbox 888 3187 940 3221; x_wconf 62' lang='lat' dir='ltr'><strong>gum</strong></span> <span class='ocrx_word' id='word_1_405' title='bbox 946 3206 954 3231; x_wconf 86' lang='lat'>‚</span> <span class='ocrx_word' id='word_1_406' title='bbox 963 3177 1064 3232; x_wconf 59' lang='lat' dir='ltr'><strong>flumem,</strong></span> <span class='ocrx_word' id='word_1_407' title='bbox 1075 3177 1096 3222; x_wconf 64' lang='lat' dir='ltr'><strong>re</strong></span> <span class='ocrx_word' id='word_1_408' title='bbox 1106 3188 1155 3222; x_wconf 62' lang='lat'><strong>„072</strong></span> <span class='ocrx_word' id='word_1_409' title='bbox 1165 3187 1221 3221; x_wconf 86' lang='lat' dir='ltr'><strong>con·</strong></span> 
     </span>
     <span class='ocr_line' id='line_1_42' title="bbox 137 3231 1222 3303; baseline 0.01 -25"><span class='ocrx_word' id='word_1_410' title='bbox 137 3232 181 3291; x_wconf 72' lang='lat' dir='ltr'><strong>rit,</strong></span> <span class='ocrx_word' id='word_1_411' title='bbox 191 3231 260 3279; x_wconf 86' lang='lat' dir='ltr'><strong>sedai</strong></span> <span class='ocrx_word' id='word_1_412' title='bbox 268 3244 317 3279; x_wconf 90' lang='lat' dir='ltr'><strong>uon</strong></span> <span class='ocrx_word' id='word_1_413' title='bbox 325 3231 457 3279; x_wconf 88' lang='lat' dir='ltr'><strong>misceatur</strong></span> <span class='ocrx_word' id='word_1_414' title='bbox 465 3232 543 3278; x_wconf 90' lang='lat' dir='ltr'><strong>animi</strong></span> <span class='ocrx_word' id='word_1_415' title='bbox 551 3231 665 3294; x_wconf 88' lang='lat' dir='ltr'><strong>intentio,</strong></span> <span class='ocrx_word' id='word_1_416' title='bbox 690 3240 793 3300; x_wconf 85' lang='lat' dir='ltr'><strong>cludent;</strong></span> <span class='ocrx_word' id='word_1_417' title='bbox 802 3243 828 3288; x_wconf 89' lang='lat' dir='ltr'><strong>et</strong></span> <span class='ocrx_word' id='word_1_418' title='bbox 836 3242 956 3301; x_wconf 86' lang='lat' dir='ltr'><strong>Propheta</strong></span> <span class='ocrx_word' id='word_1_419' title='bbox 964 3243 1025 3290; x_wconf 87' lang='lat' dir='ltr'><strong>dicit</strong></span> <span class='ocrx_word' id='word_1_420' title='bbox 1038 3256 1044 3288; x_wconf 91' lang='lat'><strong>:</strong></span> <span class='ocrx_word' id='word_1_421' title='bbox 1058 3245 1112 3291; x_wconf 84' lang='lat' dir='ltr'><strong>Vidi</strong></span> <span class='ocrx_word' id='word_1_422' title='bbox 1122 3245 1222 3303; x_wconf 82' lang='lat' dir='ltr'><strong>turpiam</strong></span> 
     </span>
     <span class='ocr_line' id='line_1_43' title="bbox 138 3300 1222 3368; baseline 0.01 -22"><span class='ocrx_word' id='word_1_423' title='bbox 138 3300 181 3347; x_wconf 86' lang='lat' dir='ltr'><strong>nic</strong></span> <span class='ocrx_word' id='word_1_424' title='bbox 195 3314 292 3360; x_wconf 85' lang='lat' dir='ltr'><strong>quoque</strong></span> <span class='ocrx_word' id='word_1_425' title='bbox 308 3301 442 3349; x_wconf 85' lang='lat' dir='ltr'><strong>secuudum</strong></span> <span class='ocrx_word' id='word_1_426' title='bbox 461 3300 543 3348; x_wconf 77' lang='lat' dir='ltr'><strong>carnis</strong></span> <span class='ocrx_word' id='word_1_427' title='bbox 558 3301 665 3350; x_wconf 80' lang='lat' dir='ltr'><strong>officium</strong></span> <span class='ocrx_word' id='word_1_428' title='bbox 689 3312 890 3368; x_wconf 77' lang='lat' dir='ltr'><strong>superexaltatum</strong></span> <span class='ocrx_word' id='word_1_429' title='bbox 905 3311 971 3358; x_wconf 89' lang='lat' dir='ltr'><strong>ultra</strong></span> <span class='ocrx_word' id='word_1_430' title='bbox 986 3313 1064 3358; x_wconf 85' lang='lat' dir='ltr'><strong>cedros</strong></span> <span class='ocrx_word' id='word_1_431' title='bbox 1080 3312 1167 3358; x_wconf 78' lang='lat' dir='ltr'><strong>Libani</strong></span> <span class='ocrx_word' id='word_1_432' title='bbox 1178 3325 1188 3357; x_wconf 77' lang='lat' dir='ltr'><strong>r</strong></span> <span class='ocrx_word' id='word_1_433' title='bbox 1199 3313 1222 3357; x_wconf 89' lang='lat' dir='ltr'><strong>ct</strong></span> 
     </span>
     <span class='ocr_line' id='line_1_44' title="bbox 138 3367 1222 3434; baseline 0.009 -20"><span class='ocrx_word' id='word_1_434' title='bbox 138 3367 222 3414; x_wconf 85' lang='lat' dir='ltr'><strong>noster</strong></span> <span class='ocrx_word' id='word_1_435' title='bbox 233 3368 361 3427; x_wconf 89' lang='lat' dir='ltr'><strong>adspectus</strong></span> <span class='ocrx_word' id='word_1_436' title='bbox 376 3368 500 3427; x_wconf 88' lang='lat' dir='ltr'><strong>vanescit;</strong></span> <span class='ocrx_word' id='word_1_437' title='bbox 511 3369 546 3417; x_wconf 87' lang='lat' dir='ltr'><strong>ita</strong></span> <span class='ocrx_word' id='word_1_438' title='bbox 561 3371 617 3429; x_wconf 86' lang='lat' dir='ltr'><strong>plus</strong></span> <span class='ocrx_word' id='word_1_439' title='bbox 626 3372 666 3418; x_wconf 89' lang='lat' dir='ltr'><strong>vi·</strong></span> <span class='ocrx_word' id='word_1_440' title='bbox 690 3377 800 3434; x_wconf 80' lang='lat' dir='ltr'><strong>transiri,</strong></span> <span class='ocrx_word' id='word_1_441' title='bbox 811 3381 832 3424; x_wconf 91' lang='lat' dir='ltr'><strong>et</strong></span> <span class='ocrx_word' id='word_1_442' title='bbox 840 3391 889 3424; x_wconf 91' lang='lat' dir='ltr'><strong>ecce</strong></span> <span class='ocrx_word' id='word_1_443' title='bbox 898 3391 945 3425; x_wconf 90' lang='lat' dir='ltr'><strong>noa</strong></span> <span class='ocrx_word' id='word_1_444' title='bbox 955 3381 1014 3426; x_wconf 87' lang='lat' dir='ltr'><strong>erat.</strong></span> <span class='ocrx_word' id='word_1_445' title='bbox 1023 3377 1109 3424; x_wconf 82' lang='lat' dir='ltr'><strong>Transi</strong></span> <span class='ocrx_word' id='word_1_446' title='bbox 1117 3378 1222 3424; x_wconf 77' lang='lat' dir='ltr'><strong>secula-</strong></span> 
     </span>
     <span class='ocr_line' id='line_1_45' title="bbox 137 3434 1220 3505; baseline 0.01 -23"><span class='ocrx_word' id='word_1_447' title='bbox 137 3434 225 3482; x_wconf 90' lang='lat' dir='ltr'><strong>demus</strong></span> <span class='ocrx_word' id='word_1_448' title='bbox 236 3437 331 3494; x_wconf 90' lang='lat' dir='ltr'><strong>animo,</strong></span> <span class='ocrx_word' id='word_1_449' title='bbox 341 3449 414 3496; x_wconf 89' lang='lat' dir='ltr'><strong>quam</strong></span> <span class='ocrx_word' id='word_1_450' title='bbox 426 3449 535 3495; x_wconf 90' lang='lat' dir='ltr'><strong>corpore.</strong></span> <span class='ocrx_word' id='word_1_451' title='bbox 690 3444 740 3501; x_wconf 88' lang='lat' dir='ltr'><strong>ria,</strong></span> <span class='ocrx_word' id='word_1_452' title='bbox 760 3446 785 3491; x_wconf 93' lang='lat' dir='ltr'><strong>et</strong></span> <span class='ocrx_word' id='word_1_453' title='bbox 802 3445 920 3492; x_wconf 88' lang='lat' dir='ltr'><strong>cecidisse</strong></span> <span class='ocrx_word' id='word_1_454' title='bbox 937 3446 1057 3505; x_wconf 87' lang='lat' dir='ltr'><strong>adspicies</strong></span> <span class='ocrx_word' id='word_1_455' title='bbox 1073 3445 1220 3493; x_wconf 84' lang='lat' dir='ltr'><strong>altitudines</strong></span> 
     </span>
     <span class='ocr_line' id='line_1_46' title="bbox 150 3504 1222 3580; baseline 0.01 -32"><span class='ocrx_word' id='word_1_456' title='bbox 150 3569 156 3580; x_wconf 90' lang='lat'>.</span> <span class='ocrx_word' id='word_1_457' title='bbox 169 3504 207 3549; x_wconf 78' lang='lat' dir='ltr'><strong>ll.</strong></span> <span class='ocrx_word' id='word_1_458' title='bbox 220 3504 248 3549; x_wconf 81' lang='lat' dir='ltr'><strong>Et</strong></span> <span class='ocrx_word' id='word_1_459' title='bbox 258 3504 279 3550; x_wconf 87' lang='lat' dir='ltr'><strong>si</strong></span> <span class='ocrx_word' id='word_1_460' title='bbox 289 3504 381 3552; x_wconf 82' lang='lat' dir='ltr'><strong>viderit</strong></span> <span class='ocrx_word' id='word_1_461' title='bbox 390 3516 446 3551; x_wconf 91' lang='lat' dir='ltr'><strong>caro</strong></span> <span class='ocrx_word' id='word_1_462' title='bbox 457 3504 539 3563; x_wconf 79' lang='lat' dir='ltr'><strong>ignem</strong></span> <span class='ocrx_word' id='word_1_463' title='bbox 549 3538 556 3565; x_wconf 97' lang='lat'><strong>,</strong></span> <span class='ocrx_word' id='word_1_464' title='bbox 568 3519 617 3554; x_wconf 91' lang='lat' dir='ltr'><strong>non</strong></span> <span class='ocrx_word' id='word_1_465' title='bbox 627 3508 666 3554; x_wconf 91' lang='lat' dir='ltr'><strong>al·</strong></span> <span class='ocrx_word' id='word_1_466' title='bbox 690 3508 830 3570; x_wconf 89' lang='lat' dir='ltr'><strong>impiorum.</strong></span> <span class='ocrx_word' id='word_1_467' title='bbox 854 3514 949 3572; x_wconf 87' lang='lat' dir='ltr'><strong>ltloyses</strong></span> <span class='ocrx_word' id='word_1_468' title='bbox 974 3526 1072 3574; x_wconf 88' lang='lat' dir='ltr'><strong>quoque</strong></span> <span class='ocrx_word' id='word_1_469' title='bbox 1097 3511 1222 3560; x_wconf 85' lang='lat' dir='ltr'><strong>transiens</strong></span> 
     </span>
     <span class='ocr_line' id='line_1_47' title="bbox 138 3571 1222 3642; baseline 0.012 -27"><span class='ocrx_word' id='word_1_470' title='bbox 138 3571 242 3629; x_wconf 77' lang='lat' dir='ltr'><strong>ligemus</strong></span> <span class='ocrx_word' id='word_1_471' title='bbox 253 3571 333 3629; x_wconf 74' lang='lat' dir='ltr'><strong>ignem</strong></span> <span class='ocrx_word' id='word_1_472' title='bbox 343 3571 370 3618; x_wconf 91' lang='lat' dir='ltr'><strong>in</strong></span> <span class='ocrx_word' id='word_1_473' title='bbox 385 3571 455 3630; x_wconf 91' lang='lat' dir='ltr'><strong>sinu,</strong></span> <span class='ocrx_word' id='word_1_474' title='bbox 466 3572 513 3618; x_wconf 87' lang='lat' dir='ltr'><strong>boo</strong></span> <span class='ocrx_word' id='word_1_475' title='bbox 524 3573 575 3631; x_wconf 89' lang='lat' dir='ltr'><strong>est,</strong></span> <span class='ocrx_word' id='word_1_476' title='bbox 586 3575 613 3620; x_wconf 93' lang='lat' dir='ltr'><strong>in</strong></span> <span class='ocrx_word' id='word_1_477' title='bbox 625 3588 664 3622; x_wconf 89' lang='lat' dir='ltr'><strong>se·</strong></span> <span class='ocrx_word' id='word_1_478' title='bbox 690 3581 814 3626; x_wconf 65' lang='lat' dir='ltr'><strong>saecularia</strong></span> <span class='ocrx_word' id='word_1_479' title='bbox 834 3581 952 3640; x_wconf 91' lang='lat' dir='ltr'><strong>tlumina,</strong></span> <span class='ocrx_word' id='word_1_480' title='bbox 971 3583 1034 3629; x_wconf 89' lang='lat' dir='ltr'><strong>vidit</strong></span> <span class='ocrx_word' id='word_1_481' title='bbox 1051 3581 1133 3628; x_wconf 91' lang='lat' dir='ltr'><strong>visum</strong></span> <span class='ocrx_word' id='word_1_482' title='bbox 1151 3594 1222 3642; x_wconf 69' lang='lat' dir='ltr'><strong>mag·</strong></span> 
     </span>
     <span class='ocr_line' id='line_1_48' title="bbox 137 3638 1222 3717; baseline 0.013 -34"><span class='ocrx_word' id='word_1_483' title='bbox 137 3638 205 3717; x_wconf 75' lang='lat' dir='ltr'><strong>creto</strong></span> <span class='ocrx_word' id='word_1_484' title='bbox 214 3639 447 3717; x_wconf 80' lang='lat' dir='ltr'><strong>mentis,animique</strong></span> <span class='ocrx_word' id='word_1_485' title='bbox 457 3642 610 3688; x_wconf 75' lang='lat' dir='ltr'><strong>arsenoiten</strong></span> <span class='ocrx_word' id='word_1_486' title='bbox 620 3642 665 3689; x_wconf 91' lang='lat' dir='ltr'><strong>im·</strong></span> <span class='ocrx_word' id='word_1_487' title='bbox 689 3660 758 3707; x_wconf 94' lang='lat' dir='ltr'><strong>num,</strong></span> <span class='ocrx_word' id='word_1_488' title='bbox 768 3651 793 3696; x_wconf 89' lang='lat' dir='ltr'><strong>et</strong></span> <span class='ocrx_word' id='word_1_489' title='bbox 801 3649 836 3695; x_wconf 88' lang='lat' dir='ltr'><strong>ait</strong></span> <span class='ocrx_word' id='word_1_490' title='bbox 845 3663 852 3694; x_wconf 77' lang='lat' dir='ltr'><strong>r</strong></span> <span class='ocrx_word' id='word_1_491' title='bbox 861 3652 987 3697; x_wconf 72' lang='lat' dir='ltr'><strong>Transierat</strong></span> <span class='ocrx_word' id='word_1_492' title='bbox 995 3650 1074 3697; x_wconf 84' lang='lat' dir='ltr'><strong>uidebo</strong></span> <span class='ocrx_word' id='word_1_493' title='bbox 1083 3650 1126 3696; x_wconf 85' lang='lat' dir='ltr'><strong>boc</strong></span> <span class='ocrx_word' id='word_1_494' title='bbox 1135 3651 1222 3710; x_wconf 66' lang='lat' dir='ltr'><strong>tisana</strong></span> 
     </span>
     <span class='ocr_line' id='line_1_49' title="bbox 137 3707 1222 3777; baseline 0.013 -26"><span class='ocrx_word' id='word_1_495' title='bbox 137 3707 257 3766; x_wconf 81' lang='lat' dir='ltr'><strong>plicemus</strong></span> <span class='ocrx_word' id='word_1_496' title='bbox 273 3718 354 3765; x_wconf 80' lang='lat' dir='ltr'><strong>iguem</strong></span> <span class='ocrx_word' id='word_1_497' title='bbox 365 3707 430 3754; x_wconf 87' lang='lat' dir='ltr'><strong>huuc</strong></span> <span class='ocrx_word' id='word_1_498' title='bbox 440 3707 533 3755; x_wconf 89' lang='lat' dir='ltr'><strong>ossibus</strong></span> <span class='ocrx_word' id='word_1_499' title='bbox 542 3722 604 3767; x_wconf 92' lang='lat' dir='ltr'><strong>,non</strong></span> <span class='ocrx_word' id='word_1_500' title='bbox 618 3711 664 3769; x_wconf 90' lang='lat' dir='ltr'><strong>ipsi</strong></span> <span class='ocrx_word' id='word_1_501' title='bbox 690 3715 710 3762; x_wconf 89' lang='lat' dir='ltr'><strong>si</strong></span> <span class='ocrx_word' id='word_1_502' title='bbox 721 3715 787 3762; x_wconf 91' lang='lat' dir='ltr'><strong>enim</strong></span> <span class='ocrx_word' id='word_1_503' title='bbox 796 3717 883 3764; x_wconf 84' lang='lat' dir='ltr'><strong>luisset</strong></span> <span class='ocrx_word' id='word_1_504' title='bbox 894 3717 920 3762; x_wconf 92' lang='lat' dir='ltr'><strong>in</strong></span> <span class='ocrx_word' id='word_1_505' title='bbox 929 3717 1038 3775; x_wconf 88' lang='lat' dir='ltr'><strong>corporis</strong></span> <span class='ocrx_word' id='word_1_506' title='bbox 1046 3716 1127 3777; x_wconf 83' lang='lat' dir='ltr'><strong>vitiis,</strong></span> <span class='ocrx_word' id='word_1_507' title='bbox 1138 3718 1164 3765; x_wconf 90' lang='lat' dir='ltr'><strong>et</strong></span> <span class='ocrx_word' id='word_1_508' title='bbox 1176 3731 1222 3777; x_wconf 71' lang='lat' dir='ltr'><strong>sar·</strong></span> 
     </span>
    </p>
   </div>
   <div class='ocr_carea' id='block_1_5' title="bbox 136 3773 1221 3911">
    <p class='ocr_par' dir='ltr' id='par_1_6' title="bbox 136 3773 1221 3911">
     <span class='ocr_line' id='line_1_50' title="bbox 136 3773 1221 3846; baseline 0.011 -25"><span class='ocrx_word' id='word_1_509' title='bbox 136 3773 208 3821; x_wconf 89' lang='lat' dir='ltr'><strong>nobis</strong></span> <span class='ocrx_word' id='word_1_510' title='bbox 217 3773 292 3820; x_wconf 90' lang='lat' dir='ltr'><strong>nodos</strong></span> <span class='ocrx_word' id='word_1_511' title='bbox 302 3773 451 3832; x_wconf 82' lang='lat' dir='ltr'><strong>injiciamus,</strong></span> <span class='ocrx_word' id='word_1_512' title='bbox 462 3786 510 3821; x_wconf 90' lang='lat' dir='ltr'><strong>nou</strong></span> <span class='ocrx_word' id='word_1_513' title='bbox 520 3777 666 3824; x_wconf 89' lang='lat' dir='ltr'><strong>misceamus</strong></span> <span class='ocrx_word' id='word_1_514' title='bbox 690 3781 739 3827; x_wconf 89' lang='lat' dir='ltr'><strong>culi</strong></span> <span class='ocrx_word' id='word_1_515' title='bbox 752 3782 823 3830; x_wconf 87' lang='lat' dir='ltr'><strong>istius</strong></span> <span class='ocrx_word' id='word_1_516' title='bbox 839 3782 942 3831; x_wconf 86' lang='lat' dir='ltr'><strong>lubricis</strong></span> <span class='ocrx_word' id='word_1_517' title='bbox 952 3785 1135 3846; x_wconf 90' lang='lat' dir='ltr'><strong>voluptatibus,</strong></span> <span class='ocrx_word' id='word_1_518' title='bbox 1150 3785 1221 3833; x_wconf 86' lang='lat' dir='ltr'><strong>tanta</strong></span> 
     </span>
     <span class='ocr_line' id='line_1_51' title="bbox 137 3842 991 3911; baseline 0.011 -22"><span class='ocrx_word' id='word_1_519' title='bbox 137 3853 275 3889; x_wconf 87' lang='lat' dir='ltr'><strong>sermonem</strong></span> <span class='ocrx_word' id='word_1_520' title='bbox 296 3842 402 3904; x_wconf 83' lang='lat' dir='ltr'><strong>aliquem</strong></span> <span class='ocrx_word' id='word_1_521' title='bbox 427 3855 484 3889; x_wconf 90' lang='lat' dir='ltr'><strong>cum</strong></span> <span class='ocrx_word' id='word_1_522' title='bbox 509 3842 664 3904; x_wconf 80' lang='lat' dir='ltr'><strong>hujusmodi,</strong></span> <span class='ocrx_word' id='word_1_523' title='bbox 690 3860 739 3895; x_wconf 91' lang='lat' dir='ltr'><strong>non</strong></span> <span class='ocrx_word' id='word_1_524' title='bbox 753 3851 855 3897; x_wconf 86' lang='lat' dir='ltr'><strong>vidisset</strong></span> <span class='ocrx_word' id='word_1_525' title='bbox 865 3852 991 3911; x_wconf 86' lang='lat' dir='ltr'><strong>mysteria.</strong></span> 
     </span>
    </p>
   </div>
   <div class='ocr_carea' id='block_1_6' title="bbox 136 3909 1223 4116">
    <p class='ocr_par' dir='ltr' id='par_1_7' title="bbox 136 3909 1223 4116">
     <span class='ocr_line' id='line_1_52' title="bbox 137 3909 1222 3980; baseline 0.012 -24"><span class='ocrx_word' id='word_1_526' title='bbox 137 3910 204 3957; x_wconf 90' lang='lat' dir='ltr'><strong>unde</strong></span> <span class='ocrx_word' id='word_1_527' title='bbox 213 3909 571 3969; x_wconf 70' lang='lat' dir='ltr'><strong>exarmetignisanuaerinus.</strong></span> <span class='ocrx_word' id='word_1_528' title='bbox 579 3913 665 3960; x_wconf 89' lang='lat' dir='ltr'><strong>Sermo</strong></span> <span class='ocrx_word' id='word_1_529' title='bbox 720 3916 758 3962; x_wconf 78' lang='lat'><strong>75.</strong></span> <span class='ocrx_word' id='word_1_530' title='bbox 777 3919 935 3967; x_wconf 67' lang='lat' dir='ltr'><strong>transeamus</strong></span> <span class='ocrx_word' id='word_1_531' title='bbox 956 3932 1013 3980; x_wconf 75' lang='lat' dir='ltr'><strong>ergo</strong></span> <span class='ocrx_word' id='word_1_532' title='bbox 1033 3920 1059 3967; x_wconf 89' lang='lat' dir='ltr'><strong>et</strong></span> <span class='ocrx_word' id='word_1_533' title='bbox 1074 3933 1119 3968; x_wconf 91' lang='lat' dir='ltr'><strong>nos</strong></span> <span class='ocrx_word' id='word_1_534' title='bbox 1137 3921 1222 3978; x_wconf 69' lang='lat' dir='ltr'><strong>ignem</strong></span> 
     </span>
     <span class='ocr_line' id='line_1_53' title="bbox 136 3977 1222 4050; baseline 0.012 -27"><span class='ocrx_word' id='word_1_535' title='bbox 136 3977 275 4035; x_wconf 83' lang='lat' dir='ltr'><strong>iuvenculae</strong></span> <span class='ocrx_word' id='word_1_536' title='bbox 299 3977 377 4025; x_wconf 87' lang='lat' dir='ltr'><strong>nodus</strong></span> <span class='ocrx_word' id='word_1_537' title='bbox 407 3979 663 4028; x_wconf 83' lang='lat' dir='ltr'><strong>adolescentiumest:</strong></span> <span class='ocrx_word' id='word_1_538' title='bbox 690 3983 755 4029; x_wconf 92' lang='lat' dir='ltr'><strong>hunc</strong></span> <span class='ocrx_word' id='word_1_539' title='bbox 773 3984 899 4046; x_wconf 89' lang='lat' dir='ltr'><strong>libidinis,</strong></span> <span class='ocrx_word' id='word_1_540' title='bbox 914 4000 988 4047; x_wconf 90' lang='lat' dir='ltr'><strong>quem</strong></span> <span class='ocrx_word' id='word_1_541' title='bbox 1006 3988 1099 4036; x_wconf 90' lang='lat' dir='ltr'><strong>timens</strong></span> <span class='ocrx_word' id='word_1_542' title='bbox 1115 3990 1222 4050; x_wconf 79' lang='lat' dir='ltr'><strong>Paulus,</strong></span> 
     </span>
     <span class='ocr_line' id='line_1_54' title="bbox 137 4046 1223 4116; baseline 0.007 -21"><span class='ocrx_word' id='word_1_543' title='bbox 137 4046 214 4095; x_wconf 79' lang='lat' dir='ltr'><strong>verba</strong></span> <span class='ocrx_word' id='word_1_544' title='bbox 222 4047 380 4095; x_wconf 86' lang='lat' dir='ltr'><strong>adolescentis</strong></span> <span class='ocrx_word' id='word_1_545' title='bbox 390 4047 488 4093; x_wconf 80' lang='lat' dir='ltr'><strong>uincula</strong></span> <span class='ocrx_word' id='word_1_546' title='bbox 501 4046 662 4095; x_wconf 88' lang='lat' dir='ltr'><strong>suntamoris.</strong></span> <span class='ocrx_word' id='word_1_547' title='bbox 689 4050 732 4096; x_wconf 87' lang='lat' dir='ltr'><strong>sed</strong></span> <span class='ocrx_word' id='word_1_548' title='bbox 740 4051 809 4097; x_wconf 86' lang='lat' dir='ltr'><strong>nobis</strong></span> <span class='ocrx_word' id='word_1_549' title='bbox 817 4052 919 4111; x_wconf 89' lang='lat' dir='ltr'><strong>timens,</strong></span> <span class='ocrx_word' id='word_1_550' title='bbox 930 4054 973 4113; x_wconf 89' lang='lat' dir='ltr'><strong>qui</strong></span> <span class='ocrx_word' id='word_1_551' title='bbox 983 4056 1123 4115; x_wconf 78' lang='lat' dir='ltr'><strong>castigando</strong></span> <span class='ocrx_word' id='word_1_552' title='bbox 1132 4068 1223 4116; x_wconf 87' lang='lat' dir='ltr'><strong>corpus</strong></span> 
     </span>
    </p>
   </div>
   <div class='ocr_carea' id='block_1_7' title="bbox 0 0 1384 4800">
    <p class='ocr_par' dir='ltr' id='par_1_8' title="bbox 0 0 1384 4800">
     <span class='ocr_line' id='line_1_55' title="bbox 0 0 1384 4800; baseline 0 0"><span class='ocrx_word' id='word_1_553' title='bbox 0 0 1384 4800; x_wconf 95' lang='lat' dir='ltr'><strong> </strong></span> 
     </span>
    </p>
   </div>
  </div>
 </body>
</html>
