2760 4800
216 408 248 461 rb
598 414 727 462 Sinuri
745 416 912 464 unusual!

216 498 322 560 Spiritus
332 497 385 546 erat
394 496 510 557 nuntius,
522 510 552 546 eo
561 499 627 559 quod
637 511 682 560 per
688 511 745 558 pra-
768 499 852 559 aiiqua
870 498 1007 548 vindicarit
1018 510 1025 545 a
1036 498 1169 558 impetrare
1186 495 1297 560 opterit,

216 566 439 626 tiamspiritualem
446 567 571 616 medicina
581 567 745 616 uostrisesset
769 569 1297 630 nonimperarepraesumsitretrusquoquu

213 635 743 702 uuimiacmeutislanguoribusdeferenda.
769 639 805 685 ait
825 639 947 699 quianon
970 640 1023 685 erat
1043 637 1146 685 idoneus
1156 639 1199 697 qui
1213 636 1298 698 puiset

216 703 320 752 Eosdem
340 717 397 765 crgo
414 706 441 754 et
456 705 562 765 Spiritus
579 705 670 764 babet,
685 718 745 766 quos
769 706 1296 766 Spiritumsanctumveicogeroaeisroere.
1336 712 1340 719 ·

216 772 282 822 Deus
299 773 371 822 Pater
385 774 412 822 et
425 775 536 822 Christus
553 774 686 823 ministros.
705 775 744 822 Sic
769 776 808 823 Sic
817 777 883 824 enim
893 775 1040 835 dixitsdrpo
1050 777 1183 823 cicumdesn
1194 776 1298 835 nubum

141 894 144 898 Α
216 845 299 892 omnia
316 845 411 905 replet,
426 845 461 892 sio
477 845 559 892 omnia
572 845 695 904 possidet,
709 845 744 892 sic
769 846 927 893 concessititb's
936 842 1300 903 Densncutetuobic,eqopnts

216 913 300 960 omnia
308 915 423 973 operatur
429 915 455 960 et
463 914 489 960 iu
497 914 745 972 omnibus,quemad-
769 926 851 969 marn,
862 914 904 972 put
912 913 1000 972 possem
1008 911 1131 971 probibere
1138 909 1232 958 Deum?

214 978 317 1027 mudum
323 981 421 1028 etlbeus
427 981 650 1040 Pateroperaturet
657 981 743 1029 Filius.
798 980 839 1026 85.
851 979 899 1027 Sed
915 980 1017 1026 fortasse
1032 978 1171 1038 apostolicis
1181 990 1229 1025 non
1244 988 1298 1024 mo·

246 1047 286 1096 sb.
297 1048 360 1106 Quid
371 1048 448 1108 igitur
455 1049 531 1097 sancti
542 1048 649 1108 Spiritus
658 1058 745 1107 opera-
770 1050 874 1094 veantur
891 1047 1028 1107 exemptis,
1038 1047 1064 1093 et
1074 1046 1129 1093 ideo
1140 1045 1231 1093 divinis
1241 1045 1298 1104 uta-

216 1114 285 1163 tioue
300 1115 421 1176 divinius,
433 1129 489 1164 cum
505 1117 580 1163 etiam
592 1115 745 1162 benedictio-
770 1127 826 1162 mur
833 1116 953 1174 oraculis3
962 1115 1079 1174 scriptum
1087 1115 1124 1162 est
1130 1114 1197 1162 enim
1206 1112 1297 1161 sdccob

214 1192 277 1230 num
288 1195 386 1230 suarum
401 1184 532 1244 praesulem
549 1182 668 1242 Spiritum
679 1184 744 1229 Deus
767 1198 826 1243 puer
835 1198 914 1241 meus,
922 1186 1107 1243 suscipiomeum
1118 1183 1297 1230 :rsroetetsctus

215 1250 270 1310 ipse
285 1252 389 1300 testetur
407 1253 491 1300 dicens
502 1265 509 1298 ε
522 1254 614 1299 Ponam
632 1253 744 1310 spiritum
768 1266 848 1310 inens,
869 1253 965 1312 suscepit
986 1265 1039 1298 mm
1059 1253 1141 1299 animo
1158 1265 1224 1307 meo,
1244 1249 1297 1296 dedi

202 1332 294 1375 ,neum
303 1334 455 1381 mpcrsenen
463 1324 543 1377 tuum,
552 1323 574 1368 et
581 1320 744 1367 benedictiones
769 1323 881 1381 spiritum
891 1334 969 1367 meum
978 1323 1004 1368 in
1011 1322 1096 1380 ipsum.
1108 1319 1224 1365 Dominus
1234 1328 1298 1376 qus-

216 1400 281 1435 sneas
287 1402 356 1448 super
364 1390 423 1447 ilios
435 1388 501 1435 tuost
509 1389 579 1434 Nulla
589 1386 655 1433 enim
664 1388 745 1446 potest
768 1402 817 1448 que
828 1402 873 1449 per
888 1389 982 1436 Esaiam
990 1388 1055 1435 dixit
1064 1401 1071 1434 s
1080 1389 1180 1448 Spiritus
1200 1385 1298 1434 Domini

216 1467 270 1504 osse
280 1457 354 1516 piena
364 1456 507 1505 benedictio
514 1489 522 1516 ,
530 1455 579 1503 uisi
588 1468 633 1516 per
640 1455 744 1503 iniusio-
768 1474 837 1520 aupes·
847 1473 897 1517 me,
908 1461 1070 1520 propterquod
1079 1459 1149 1506 unxit
1156 1470 1201 1504 me·

216 1536 274 1570 nem
284 1525 390 1585 Spiritus
402 1527 488 1574 sancti.
501 1525 570 1573 Unde
582 1526 608 1573 et
617 1526 744 1584 nposiorus
798 1529 838 1577 86.
849 1530 909 1588 Quis
928 1541 984 1588 ergo
996 1529 1086 1576 audeat
1096 1528 1179 1575 dicere
1187 1522 1297 1574 creatam

216 1591 379 1641 nihilmeiius
389 1594 434 1641 boc
442 1594 513 1642 uobis
524 1593 588 1654 quod
599 1595 695 1653 optaret
705 1595 744 1641 in·
768 1598 875 1658 Spiritus
892 1599 970 1645 sancti
992 1610 1045 1644 osse
1066 1591 1297 1651 substantiam,qui

216 1660 300 1720 venit,
315 1661 380 1708 siout
391 1661 443 1720 ipse
454 1661 518 1709 dixit
537 1675 544 1707 ι
561 1663 615 1709 Non
629 1663 744 1721 deficimus
769 1681 823 1715 cum
839 1667 951 1715 iiluxerit
967 1667 993 1712 iu
1011 1666 1125 1714 cordibus
1141 1663 1246 1720 uostris,
1257 1659 1297 1707 di·

214 1731 454 1795 proscinduntur
462 1732 648 1787 obsecrantum
655 1733 745 1792 repua-
768 1737 833 1784 vinae
845 1728 1295 1794 cemimuspuicntuuinemveritatis,

111 1839 115 1844 .
166 1822 170 1831 ·
216 1798 276 1845 mini
293 1801 421 1858 counitione
435 1801 562 1847 voluntatis
576 1801 626 1859 ejus
640 1802 665 1846 in
681 1803 745 1848 omni
769 1807 794 1853 ot
815 1804 956 1851 distantiam
973 1799 1298 1857 creaturae'divioitatisque

216 1868 744 1926 sopieuttoetintcttectuspirituti,ambutantes
769 1874 949 1933 cognoscimus,
976 1872 1004 1919 ut
1024 1884 1085 1930 opus
1103 1869 1245 1928 segregetur
1262 1865 1296 1912 ab

216 1935 283 1994 dipne
298 1938 355 1983 Deo.
372 1935 440 1982 Hanc
451 1935 527 1995 igitur
537 1935 584 1982 Dei
597 1948 650 1983 esse
662 1935 745 1982 docuit
769 1939 886 1988 auotorot
897 1940 945 1986 dut
961 1940 991 1986 de
1002 1951 1050 1998 qua
1058 1938 1172 1986 creatura
1183 1937 1248 1981 Deus
1259 1931 1295 1979 ita

215 2004 381 2064 voluntatem,
392 2006 421 2052 ut
431 2004 507 2064 magis
517 2005 543 2051 iu
552 2005 745 2063 bouisoperibus
769 2010 885 2068 loquutus
905 2009 956 2067 est,
976 2007 1041 2066 quod
1059 2007 1102 2054 aut
1112 2001 1297 2052 nominationes

215 2073 242 2120 et
259 2074 412 2122 sermonibus
426 2074 452 2121 et
466 2074 579 2122 sensibus
589 2074 745 2122 ambulantes
769 2080 811 2126 aut
818 2078 952 2125 Potestates
959 2076 1066 2123 eiiuudat
1073 2075 1115 2123 aut
1123 2067 1296 2132 AngeiosiSed

215 2143 355 2202 repleamur
370 2144 496 2191 voluntate
507 2143 568 2202 Dei,
580 2142 623 2202 qui
640 2143 708 2202 ponit
718 2143 744 2188 in
768 2151 794 2196 ae
809 2150 912 2208 spiritu,
933 2146 1026 2206 inquit,
1042 2159 1093 2192 ineo
1106 2140 1297 2202 emendantibus

216 2210 745 2270 cordibusnostris'spiritumsanctum.Ergo
769 2215 887 2275 Spiritum
908 2214 957 2273 ait,
979 2213 1023 2260 sed
1040 2216 1067 2260 de
1085 2213 1188 2272 Spiritu3
1212 2216 1296 2266 neque

216 2277 238 2324 si
252 2276 275 2324 is
292 2279 335 2337 qui
345 2279 421 2325 babet
431 2278 550 2336 Spiritum
561 2277 687 2336 sanctum,
698 2277 744 2324 Dei
769 2285 834 2332 enim
850 2297 895 2331 nos
911 2295 998 2344 ,apere
1016 2293 1144 2342 mamus
1159 2273 1297 2339 plenitudi-

216 2347 325 2404 repletus
333 2346 371 2392 est
378 2346 519 2404 voiuntate3
528 2345 615 2404 utique
623 2344 690 2392 inter
700 2347 744 2391 Pa·
768 2366 826 2401 nem
838 2353 943 2413 spiritus
962 2351 1054 2410 sancti,
1073 2348 1220 2397 sedtanturn
1231 2341 1297 2390 acci·

215 2415 279 2461 trem
292 2414 317 2459 et
324 2412 442 2473 Spiritum
451 2413 521 2461 nutis
530 2413 646 2461 distantia
657 2415 745 2462 volun·
768 2423 865 2482 pimus,
879 2423 998 2481 quantum
1009 2419 1040 2466 de
1058 2429 1103 2465 suo
1113 2417 1206 2464 arbiter
1217 2409 1296 2460 nostri

215 2482 274 2530 tritt
283 2483 329 2530 est·
768 2503 812 2551 pro
823 2502 867 2538 suo
877 2489 1003 2538 voluntate
1015 2486 1138 2534 diviserit.
1147 2483 1216 2531 Sicut
1226 2479 1296 2528 enim

350 2547 593 2645 CAPffi-Vm·
770 2561 814 2607 Dei
835 2558 912 2605 Filius
933 2570 980 2617 non
994 2558 1105 2616 copinam
1123 2553 1251 2601 arbitratos
1262 2551 1297 2597 eat

768 2643 815 2678 esse
830 2644 853 2677 se
869 2629 982 2688 aequotcm
997 2629 1061 2681 Deo,
1077 2625 1117 2672 scd
1129 2623 1200 2670 semet
1217 2621 1295 2679 ipsum

217 2681 744 2745 ³⁰⁰⁰⁸9¹⁰⁶3¹¹⁵1³¹¹i¹¹¹¹¹¹³¹¹⁰r¹¹t¹³¹¹¹⁸¹¹²⁰·
769 2700 897 2745 exinanivit
926 2698 954 2743 ut
970 2706 1015 2742 nos
1031 2703 1088 2740 eum
1106 2689 1195 2737 nostris
1206 2686 1297 2740 animis

221 2734 745 2784 itumsrngulrs,cumpraeierChrrstumnemo
828 2767 833 2778 ,
902 2729 911 2754 '
1093 2761 1099 2771 ,
1153 2759 1158 2769 ,
1180 2758 1185 2768 .

238 2789 307 2828 ruerit
323 2790 361 2838 qui
378 2794 448 2828 totum
465 2800 516 2826 curn
532 2799 606 2837 capere
620 2792 692 2836 posset,
705 2789 745 2826 per
769 2779 896 2827 percipere
906 2775 1049 2826 possemust
1060 2758 1200 2809 exinanivit
1211 2758 1296 2806 autem

239 2843 345 2891 Spiritum
352 2843 437 2882 oriundi
444 2844 626 2890 caritatem,quae
635 2853 672 2889 per
683 2852 744 2889 mys·
769 2848 816 2883 non
833 2835 898 2896 quod
914 2835 967 2894 ipse
979 2832 1043 2881 esset
1053 2841 1144 2879 vacuus
1154 2840 1205 2875 suae
1216 2827 1297 2887 pleni·

237 2897 307 2936 mum
313 2900 451 2946 unguentum
457 2897 556 2945 figurata,
565 2896 621 2933 nibil
628 2905 743 2934 commune
768 2904 874 2962 tudini„
885 2904 929 2951 sed
936 2901 1051 2962 quomihj
1061 2899 1103 2960 qui
1114 2896 1296 2958 plenitudinem
1328 2897 1329 2900 ’

235 2951 507 3046 ffimcrceffiressohraebssreei
520 2950 743 3052 ffifflffiofflg}
768 2975 821 3031 ujus
842 2973 965 3020 sustinere
988 2982 1037 3017 nou
1062 2980 1174 3028 possem,
1198 2977 1247 3024 pro·
1263 2976 1295 3012 eo

238 3059 296 3098 inter
312 3064 381 3097 creata
396 3070 439 3098 non
452 3059 617 3107 reponendum
631 3068 671 3096 nec
685 3057 743 3094 iuter
768 3039 832 3098 qUOd
854 3051 942 3098 cripere
959 3048 1072 3097 possem,
1102 3032 1296 3080 infunderetur}

236 3112 363 3160 mussites,
376 3121 428 3149 eum
439 3113 573 3149 erraremus.
768 3108 802 3154 ita
822 3108 897 3154 etiarn
912 3106 943 3153 de
961 3104 1055 3165 Spiritu
1076 3102 1158 3150 sancto
1179 3099 1251 3146 Pater
1261 3111 1296 3146 se

246 3181 286 3230 ab.
305 3181 387 3228 Srnruu
404 3180 467 3227 illud
485 3179 586 3226 adverte
603 3179 661 3239 quia
675 3180 743 3226 Deus
767 3176 827 3223 dicit
848 3175 973 3223 eiiuudere
985 3185 1058 3232 super
1068 3181 1166 3218 omnem
1181 3179 1296 3227 caruem3

215 3250 258 3299 dat
268 3249 386 3310 Spiritum
392 3249 511 3296 sanctum.
523 3248 648 3294 Nouenim
655 3248 743 3295 humo·
767 3257 815 3291 uon
824 3244 889 3291 enirn
900 3244 979 3290 totum
996 3236 1148 3298 eiiudit,sed
1158 3236 1224 3296 quod
1235 3234 1298 3283 eiiu-

215 3332 275 3368 num
281 3319 328 3365 boo
334 3331 408 3377 opus,
416 3329 498 3377 neque
508 3315 539 3362 ab
548 3316 647 3365 homine
656 3317 741 3364 datur:
767 3313 817 3370 dit,
828 3313 943 3360 omuibus
953 3308 1095 3358 abundavit.

216 3388 261 3437 sed
278 3386 320 3447 qui
337 3385 467 3433 invocatur
480 3395 495 3431 a
508 3383 646 3443 sacerdote,
662 3397 676 3430 a
692 3385 742 3432 Deo
796 3383 835 3430 87.
857 3382 935 3441 Supra
953 3393 996 3428 nos
1016 3390 1073 3438 ergo
1094 3375 1198 3423 eiiusum
1217 3372 1254 3419 est
1264 3371 1296 3419 do

215 3456 333 3515 traditur,
348 3455 433 3514 inquo
451 3453 498 3499 Dei
513 3465 616 3512 munus,
633 3453 743 3500 ministe·
767 3452 906 3512 Spirituzat
913 3462 972 3497 vero
980 3460 1054 3507 super
1062 3444 1194 3493 Dominum
1201 3442 1297 3500 tusum,

215 3525 280 3572 rium
300 3522 432 3570 sacerdotis
461 3522 506 3568 est.
528 3521 587 3567 Nam
608 3520 629 3568 si
651 3521 740 3568 Paulus
767 3533 823 3568 curn
839 3519 959 3566 informa
974 3509 1298 3570 essetbominis,manobat

216 3586 339 3654 apostolus
354 3589 475 3656 iudicavit
497 3589 562 3650 quod
577 3587 631 3649 ipse
652 3589 741 3636 donare
767 3589 888 3649 Spiritus,
915 3587 980 3634 sicut
1001 3584 1122 3643 scriptum
1143 3580 1201 3628 est:
1218 3580 1298 3637 Supra

216 3660 335 3722 Spiritum
351 3659 461 3706 sanctum
481 3670 525 3706 suu
536 3657 741 3705 auctoritateuou
766 3673 834 3720 quens
851 3658 933 3705 uideris
944 3657 1057 3716 Spiritum
1078 3651 1250 3701 accendentem
1268 3648 1297 3693 dc

216 3728 315 3790 posset,
326 3727 352 3774 et
360 3727 388 3773 in
401 3727 497 3774 tantum
508 3737 534 3774 se
542 3725 600 3772 huic
609 3725 688 3772 orricio
696 3725 742 3770 im·
766 3730 835 3785 coeio,
843 3729 865 3774 et
875 3726 1081 3781 mnentemsuper
1089 3732 1156 3776 cum,
1168 3718 1205 3764 bic
1213 3718 1246 3764 est
1254 3716 1297 3774 qut

216 3808 301 3858 parem
319 3792 437 3853 credidit,
452 3794 479 3840 ut
497 3805 512 3840 a
527 3793 580 3840 Deo
594 3805 638 3839 nos
648 3792 741 3852 Spiritu
767 3798 870 3856 baptizat
882 3796 906 3841 in
917 3793 1006 3851 spirius
1023 3791 1113 3836 sancio.
1125 3788 1193 3834 eirca
1204 3797 1247 3831 nos
1262 3795 1297 3830 ex

193 3911 195 3915 ,
216 3864 311 3926 optaret
329 3863 444 3922 impieri;
463 3861 519 3922 quis
536 3862 618 3909 tantus
633 3862 685 3919 est,
697 3861 740 3920 qui
766 3863 884 3912 adfluenti
891 3859 1015 3909 commodo
1024 3858 1161 3905 liberalitas
1168 3853 1298 3913 largientis

216 3933 290 3993 buius
300 3931 457 3981 traditionem
470 3929 579 3977 muneris
594 3929 642 3976 sibi
652 3928 740 3975 audeat
766 3935 818 3991 est,
837 3932 865 3978 in
880 3931 923 3976 ilio
934 3928 1010 3976 totius
1026 3928 1109 3975 manet
1127 3926 1154 3972 in
1175 3925 1298 3972 aeteruum

213 4001 346 4063 adrogaret
358 4002 443 4061 itaque
457 3998 583 4059 Apostolus
590 3998 676 4045 votum
684 4008 742 4055 pre·
766 4000 872 4061 Spiritus
885 3997 1024 4060 plenitudo.
1045 3996 1115 4058 Quod
1131 3994 1207 4054 igitur
1225 3989 1299 4042 uobis

211 4069 311 4119 'cadone
336 4068 443 4130 detulit,
469 4069 517 4116 uon
536 4066 576 4126 ius
594 4065 740 4114 auctoritate
766 4069 825 4118 satis
842 4080 896 4118 esso
916 4067 1050 4128 judicavit,
1072 4064 1159 4114 effudit
1170 4077 1177 4109 a
1189 4063 1216 4110 et
1230 4058 1299 4122 quod
