2746 4800
150 397 197 463 sid
552 399 671 446 studui
687 397 847 444 AMBROSll
905 397 907 401 ’

150 483 183 532 ad
192 485 343 534 avunculum
353 517 360 543 ,
371 482 437 544 quod
445 482 475 531 ad
487 494 560 531 arum
571 479 682 530 reserati
707 482 791 528 tamen
802 478 934 532 interdicta
944 480 1002 531 suut
1012 480 1121 542 quadam
1133 493 1231 532 rocena-

149 552 245 611 Quanta
264 553 353 599 deinde
370 554 445 599 etiam
461 551 613 611 reliquorum
624 563 681 599 con·
704 549 785 598 turae?

149 618 213 668 fusio
223 619 414 668 vocabulorum?
425 619 492 666 Idem
503 631 564 665 avus
576 618 600 665 et
612 630 682 666 socer
735 619 758 666 6.
775 620 901 679 Multaque
919 621 977 667 sunt
995 631 1054 679 quae
1069 619 1141 666 licet·
1151 622 1233 680 iacere,

2 698 5 703 ·
91 743 93 748 Ι
149 687 320 745 vocabere,ea
331 699 428 746 quoque
439 685 485 733 tibi
504 685 588 743 neptis
599 686 625 732 et
636 697 681 731 nu·
705 688 748 735 sed
766 701 815 736 nou
827 689 947 748 expedit3
962 688 1046 734 omnia
1064 689 1134 735 enim
1151 689 1233 749 licent,

149 769 192 803 rus
205 754 301 802 diverso
311 755 410 802 nomine
426 753 620 813 nuncupabitur.
628 754 681 800 llu-
705 757 749 804 sed
764 769 813 803 non
825 757 962 816 expediunt
974 769 980 801 =
992 755 1079 802 omnia
1096 757 1186 817 licent,
1196 758 1232 806 sed

148 823 283 872 tuabuntur
300 823 376 871 etlam
394 822 482 870 iratres
497 822 596 869 diversa
607 834 680 869 voca·
705 837 755 871 non
768 825 897 872 aedificant.
910 825 935 870 Si
955 836 1014 883 ergo
1025 824 1104 871 etiam
1117 826 1149 872 ab
1160 826 1188 874 iis
1197 839 1234 874 nos

149 892 220 952 bula,
230 892 307 940 utilia
315 891 540 949 secrusiratrlssit,
549 891 595 938 iste
604 903 680 949 gener
704 896 805 940 revocat
815 894 959 952 Apostolus,
971 906 1028 952 quae
1044 905 1097 940 non
1108 895 1233 955 aedificaut3

149 962 246 1010 sororis.
263 962 343 1009 Nubat
354 961 476 1008 avunculo
492 971 536 1006 suo
547 960 642 1018 neptis,
654 960 680 1006 et
703 962 825 1019 quomodo
836 960 978 1009 faciendum
988 962 1127 1022 putamus,
1140 963 1199 1022 quod
1210 964 1232 1010 et

149 1031 361 1079 immaculatorum
378 1030 509 1090 pignorum
523 1029 613 1076 coritas
623 1027 679 1074 ille·
702 1042 752 1076 non
763 1031 822 1078 licet
830 1031 900 1090 begis
908 1032 1017 1089 oraculo,
1029 1032 1055 1077 et
1066 1043 1119 1077 non
1131 1031 1233 1092 aedificat,

149 1103 250 1150 cebroso
261 1112 343 1147 amore
355 1099 472 1145 mutetur.
703 1097 856 1159 discrepante
862 1099 962 1158 pietatis
969 1097 1107 1146 ordineiEt
1112 1099 1191 1146 tamen
1196 1100 1233 1148 illa

179 1167 203 1218 5.
220 1169 299 1229 Super
317 1170 363 1215 boc
380 1167 458 1226 igitur
475 1177 555 1212 meam
571 1164 679 1212 asanclo
703 1167 754 1225 ipsa
767 1169 852 1215 vetera
862 1201 869 1227 ,
881 1182 936 1227 quae
948 1168 1047 1215 inerant
1058 1169 1170 1226 duriora,
1180 1171 1233 1216 tem·

150 1239 203 1286 viro
215 1238 329 1297 episcopo
339 1236 420 1282 vestro
431 1233 569 1292 exspectari
581 1237 679 1279 sentcn-
702 1237 1233 1297 peratasuntperEvangeliumllominilesu

149 1310 210 1356 tiam
221 1307 291 1353 dicis.
302 1306 354 1352 Non
365 1305 465 1362 opinor,
475 1315 555 1362 neque
563 1303 676 1350 arbitror.
705 1306 859 1352 Transierunt
867 1308 944 1353 vetere
951 1338 959 1363 ,
967 1319 1016 1352 eece
1026 1307 1095 1365 foetu
1109 1310 1163 1354 sunt
1171 1321 1232 1355 emo.

148 1379 209 1424 Nam
218 1376 239 1424 si
249 1376 283 1422 ita
294 1375 366 1432 esset,
379 1373 462 1431 etipse
471 1371 625 1418 scribendum
632 1385 680 1431 pu·
733 1371 756 1417 7.
768 1372 831 1429 Quid
847 1373 898 1419 tam
914 1373 1024 1419 solemne
1035 1385 1114 1432 quam
1131 1375 1231 1420 osculum

149 1447 225 1493 lasset
236 1459 242 1490 ι
255 1456 303 1491 uon
319 1440 451 1490 scribendo
463 1441 545 1487 autem
556 1439 678 1498 significa·
703 1439 769 1486 inter
779 1441 929 1488 avunculum
947 1441 974 1488 et
983 1443 1106 1501 neptem,
1115 1442 1179 1502 quod
1191 1441 1232 1487 istu

148 1513 259 1573 vitquud
276 1521 429 1570 nequaquam
441 1509 500 1554 hinc
516 1507 679 1555 dubitandum
703 1509 772 1567 quasi
789 1508 845 1555 sdiae
861 1509 950 1568 debet,
971 1509 1025 1556 haec
1038 1510 1112 1570 quasi
1130 1508 1233 1570 parentii

149 1581 318 1630 arbitraretur.
335 1577 400 1635 Quid
416 1577 482 1623 enim
494 1577 547 1633 est,
558 1577 623 1634 quod
635 1577 680 1623 du·
703 1577 754 1624 lloc
770 1576 846 1635 igitur
865 1577 990 1624 inoffensae
1005 1577 1110 1636 pietatis
1129 1579 1231 1625 osculum

147 1651 221 1698 bitari
234 1647 322 1708 queat3
333 1658 390 1692 cum
399 1646 442 1692 lex
455 1645 538 1691 divina
548 1645 624 1692 etiam
634 1657 680 1704 pa·
703 1647 844 1705 suspectum
860 1646 936 1694 iacies
948 1646 979 1693 de
996 1646 1092 1694 talibus
1108 1645 1229 1706 cogitando

147 1718 258 1768 trueles‘
269 1716 359 1764 iratres
370 1714 641 1773 probibeateenrenire
651 1715 679 1761 in
703 1715 811 1774 nuptiis,
826 1716 852 1763 et
869 1715 1084 1775 religiosissimum
1099 1727 1230 1765 sacramen-

150 1787 303 1846 conjugalem
320 1783 447 1843 copulam,
465 1782 509 1842 qni
527 1782 576 1830 sibi
593 1785 679 1842 quarto
703 1782 755 1828 tum
774 1784 837 1831 caris
853 1783 998 1844 pignoribus
1013 1784 1117 1843 eripies.

148 1855 274 1904 sociantur
284 1851 375 1912 gradu!
384 1852 429 1899 ilic
440 1853 523 1898 autem
531 1851 619 1910 gradus
629 1853 680 1899 ter·
732 1851 757 1898 8.
767 1852 816 1899 Sed
822 1854 841 1900 si
853 1853 969 1900 divinate
977 1853 1144 1914 praetereunt,
1152 1853 1232 1901 sallem

148 1924 199 1972 tius
209 1923 260 1981 est,
270 1922 311 1982 qui
324 1921 399 1967 etiam
410 1919 480 1966 civili
489 1919 544 1976 jure
556 1930 571 1964 a
582 1931 680 1966 consor·
704 1919 880 1979 imperatorum
899 1921 1036 1980 praecepta,
1048 1935 1063 1968 a
1080 1923 1170 1982 quibus
1186 1935 1233 1969 am·

148 1994 186 2041 iio
197 1991 303 2049 conjugii
312 1990 433 2049 exceptus
441 1987 548 2035 videtur.
664 2027 671 2039 ,
703 1988 842 2048 piissimum
861 1989 979 2048 accepisti
1002 1990 1139 2052 honorem,
1162 1991 1232 2038 baud·

178 2060 203 2108 le.
213 2061 261 2107 Sed
271 2060 341 2119 prius
352 2070 426 2105 sacrae
437 2056 496 2116 legis
504 2055 564 2102 scita
575 2055 680 2104 intemo-
703 2069 825 2116 quaquam
844 2058 971 2118 praetorire
980 2057 1006 2104 te
1016 2058 1167 2106 debuerunt.
1177 2061 1231 2106 llam

149 2143 247 2192 gemus,
258 2127 391 2188 praetendis
400 2126 466 2173 enirn
478 2124 503 2171 in
514 2125 564 2172 tuis
575 2125 680 2184 littoris,
704 2125 855 2172 Theodosius
871 2125 1004 2184 imperator
1020 2126 1097 2173 etiam
1114 2128 1231 2187 patrueles

149 2198 214 2259 quod
222 2192 512 2257 permissumbocdivino
522 2193 577 2250 jure
586 2205 680 2239 connu-
704 2193 792 2239 iratres
808 2194 835 2240 et
851 2195 1008 2241 consobrinos
1023 2196 1107 2244 vetuit
1127 2197 1191 2243 inter
1207 2209 1230 2244 se

132 2267 218 2313 «bium
235 2261 376 2322 hujusmodi
392 2261 535 2321 pigneribus
552 2259 680 2307 existime-
703 2260 811 2320 conjugii
825 2263 957 2309 convenire
968 2263 1085 2323 nomine,
1097 2265 1123 2312 et
1133 2265 1232 2313 severis·

147 2337 205 2394 tur,
226 2345 255 2381 eo
273 2331 339 2392 quod
357 2341 407 2376 non
417 2329 449 2375 sit
457 2328 619 2387 prohibitum.
631 2331 680 2388 Ege
703 2331 790 2378 simam
800 2343 898 2391 pomam
909 2332 1004 2392 statuit,
1017 2332 1039 2378 si
1049 2335 1107 2394 quis
1117 2337 1233 2382 temerare

148 2404 231 2452 autem
243 2400 268 2448 et
278 2399 431 2460 prohibitum
442 2397 542 2455 adser03
553 2397 612 2456 quia
623 2410 679 2444 cum
703 2413 776 2448 arnus
791 2403 856 2449 esset
885 2400 988 2448 fratrum
1009 2403 1051 2460 pia
1072 2404 1190 2464 pignora3
1209 2406 1232 2452 et

146 2471 241 2518 leviora
260 2465 390 2515 interdicta
411 2465 461 2512 sint
477 2464 507 2512 de
526 2466 679 2523 patruelibus
702 2469 786 2516 tamen
803 2469 840 2516 illi
857 2470 964 2517 invicem
980 2470 1028 2517 sibi
1039 2472 1150 2531 aequales
1160 2474 1231 2522 sunt:

146 2536 280 2593 fratribus,
297 2532 464 2590 multomagis
482 2531 529 2578 boc
548 2532 614 2592 quod
624 2544 678 2580 are·
703 2538 870 2586 tantummodo
879 2539 937 2599 quia
948 2539 1140 2599 propinquitatis
1150 2554 1232 2588 neces-

145 2605 217 2652 tioris
227 2603 264 2651 est
272 2601 374 2661 plenum
383 2599 588 2659 necessitudinis,
601 2601 680 2648 inter·
704 2605 825 2666 situdine,
837 2609 863 2655 et
873 2607 987 2655 fraternae
996 2609 1124 2658 societatis
1132 2611 1230 2669 ligantur

146 2673 240 2722 dictum
256 2670 369 2718 arbitror.
381 2670 430 2727 Qur
444 2680 513 2715 murm
528 2669 621 2715 leviora
637 2669 679 2716 ad·
703 2674 813 2734 vinculo,
824 2675 961 2734 pietatieos
970 2677 1161 2738 voluitdeberc,
1171 2679 1231 2739 qued

146 2739 375 2802 stringit,grariera
384 2738 523 2797 nonsolvit,
532 2738 576 2786 sed
584 2739 677 2798 alligat.
703 2744 755 2789 nati
767 2746 834 2794 sunt.
1029 2761 1031 2765 ·

108 2835 113 2843 ·
181 2812 205 2859 t.
221 2809 290 2868 Quod
308 2807 329 2856 si
346 2807 403 2855 ideo
424 2807 570 2866 permissum
590 2809 678 2868 putas,
732 2812 757 2860 9.
769 2812 816 2859 Sed
827 2812 971 2861 dicisalicui
981 2815 1131 2863 relaxatum.
1144 2817 1231 2864 Verum

145 2880 206 2943 quia
221 2879 364 2940 specialiter
381 2889 432 2924 noir
450 2877 488 2925 est
510 2875 677 2936 probibitum3
703 2881 749 2928 bec
760 2882 809 2942 legi
824 2894 874 2928 non
885 2881 1044 2943 praeiudicat3
1056 2886 1123 2944 quod
1132 2887 1196 2932 enim
1207 2885 1230 2932 in

46 2964 48 2969 ·
144 2964 192 3000 uec
202 2951 264 2998 illud
274 2948 427 3010 prohibitum
438 2958 551 2994 sermone
560 2947 633 3005 Legis
640 2960 678 2995 re·
702 2962 832 2997 commune
843 2949 973 3010 statuitur,
983 2952 1007 2998 ei
1014 2952 1113 3001 tantum
1124 2953 1230 3013 prolicit,

144 3019 240 3081 peries,
257 3029 289 3065 ne
304 3017 376 3077 pater
392 3015 469 3062 illium
487 3026 557 3062 suam
573 3015 679 3075 accipiat
703 3020 742 3066 eui
757 3021 895 3068 relaxatum
912 3021 1026 3080 videtur,
1044 3023 1118 3082 longe
1138 3025 1230 3071 diversa

124 3106 126 3110 ’
143 3099 257 3136 uxorem.
273 3084 397 3145 Numquid
407 3085 544 3143 ideolicet,
555 3083 613 3144 quia
629 3097 678 3132 uon
702 3088 805 3135 invidia.
816 3089 879 3135 Illud
890 3090 972 3140 tamen
983 3089 1079 3137 licetin
1089 3091 1170 3139 veteri
1178 3094 1229 3139 l'es·

145 3155 182 3204 cst
198 3151 369 3215 prohibitum?
387 3152 501 3210 Minime3
517 3152 677 3199 interdictum
702 3156 811 3204 tamenin
833 3158 953 3216 legimus,
972 3158 1001 3204 ut
1020 3159 1112 3218 aliquis
1129 3172 1230 3218 uxerem

144 3225 182 3273 ast
192 3225 260 3272 enim
270 3221 445 3280 naturatum,
464 3221 625 3268 interdictum
640 3222 678 3269 est
701 3236 771 3271 suam
788 3237 895 3272 sororem
914 3225 1023 3285 diceret3
1039 3227 1117 3282 ‚istud
1138 3228 1230 3275 inaudi-

143 3293 213 3351 lege,
232 3306 286 3352 quae
298 3293 335 3339 est
346 3291 373 3339 in
382 3291 495 3338 cordibus
507 3291 676 3349 singulorum:
701 3292 772 3350 tum,
790 3293 819 3340 nt
837 3295 967 3354 quisquam
991 3295 1094 3354 neptem
1117 3309 1186 3344 suam
1207 3297 1230 3344 in

145 3359 306 3407 interdictum
324 3360 361 3406 eet
382 3359 520 3406 inviolabili
546 3358 677 3417 praescrip·
700 3374 803 3408 uxorem
816 3364 935 3424 accipiat,
948 3364 973 3410 et
985 3365 1116 3424 conjugem
1128 3366 1202 3414 dicat.

142 3429 212 3476 tione
233 3427 352 3487 pietatis,
377 3427 451 3474 titulo
476 3427 674 3476 necessitudinis.
731 3430 769 3476 10.
784 3431 838 3479 lam
855 3432 917 3482 illud
934 3432 1145 3494 pulcherrimum,
1166 3433 1229 3494 quod

142 3496 237 3556 Quanta
256 3493 396 3553 hujusmodi
415 3495 528 3542 invenies
552 3507 601 3541 non
621 3509 674 3546 esse
699 3497 792 3555 negasti
803 3499 903 3557 neptem
920 3498 987 3545 tuam
999 3501 1124 3547 avunculo
1135 3515 1180 3549 suo
1191 3503 1229 3549 tuo

57 3563 60 3567 '
143 3569 275 3618 interdieta
296 3571 351 3629 rege
372 3582 418 3630 per
438 3569 629 3630 nloyseneoita,
649 3571 675 3618 et
698 3565 898 3626 filiopropinque
911 3565 1000 3613 semini
1012 3569 1165 3628 convenire3
1177 3569 1232 3628 quia

140 3646 680 3662 ··········-··················-
698 3635 887 3694 nonagnationis
896 3636 1024 3695 copuletur
1035 3637 1230 3686 necessitudine.

146 3672 148 3677 ’
159 3684 256 3732 ‚·Quiex
264 3685 674 3732 dnobusiratribusnascuntur‚tratres
698 3706 770 3764 Quasi
779 3717 837 3753 vero
850 3705 973 3752 eqqufiqi
984 3704 1086 3764 fratres,
1095 3704 1122 3752 id
1135 3708 1185 3765 esi,
1195 3707 1232 3754 di·

142 3741 393 3792 patrueles,sororesque
409 3743 515 3790 patrueles
530 3742 671 3789 appellantur.
1185 3776 1191 3786 ,
1206 3777 1211 3787 ,

144 3797 183 3837 Sed
194 3795 277 3832 enimsi
285 3795 339 3830 aller
348 3795 372 3831 sil
384 3795 576 3840 masculus,altera
586 3795 672 3842 femina,
697 3787 768 3823 Wl'ffl
786 3776 870 3833 paster
882 3774 926 3820 sed
939 3773 1024 3820 cadem
1036 3774 1116 3821 matre
1133 3777 1230 3836 gemus

142 3851 181 3899 qm
195 3861 220 3887 ex
232 3849 315 3887 duobus
329 3848 444 3894 fratribus,
457 3849 672 3895 miseraratione,
697 3843 790 3904 possint
805 3842 901 3889 diverso
914 3855 975 3889 sexu
988 3839 1056 3887 inter.
1070 3854 1097 3889 se
1109 3842 1133 3888 iu
1147 3843 1232 3901 conju.

141 3905 186 3942 sire
201 3905 267 3941 altera
282 3904 503 3948 sororenaseuntur,
519 3912 580 3949 aeque
597 3903 673 3967 fratres
697 3913 763 3970 glum
774 3913 921 3969 convenif03
930 3922 986 3958 cum
997 3910 1021 3956 et
1034 3908 1082 3968 ipsi
1095 3912 1233 3968 agnationis

141 3956 673 4058 arteartearamei*traiecerant
694 3980 1009 4039 nonannoeane
1023 3978 1232 4038 sedamnationis

141 4069 162 4104 ot
171 4076 261 4108 uxorem
271 4068 387 4115 uirumque
398 4063 443 4114 ejus
450 4062 597 4112 intelligimus.
696 4048 791 4097 tantum
803 4048 849 4096 sibi
862 4044 934 4095 titolo
944 4045 1051 4095 connexi
1061 4046 1121 4094 silli.
