2760 4800
215 350 261 400 ddi
607 348 732 396 sancet
754 347 920 392 AMBROSll

218 433 379 483 mirabilissit
391 433 436 481 ista
453 431 578 492 sanguinis
593 432 694 491 divisio,
706 443 744 477 ro·
770 429 839 488 ptunt
864 432 889 477 ot
908 428 1062 487 ministrant,
1081 425 1193 476 auditum
1212 436 1297 488 aures,

218 503 297 550 licere
308 515 356 550 non
367 513 439 561 queo.
451 501 507 546 Pars
523 500 589 546 enim
602 499 655 557 ejus
665 510 745 545 mora-
769 497 870 544 odorem
879 509 1014 558 narce,ora
1023 495 1161 556 gustatum,
1170 494 1295 544 etcaetora.

219 572 268 618 lom
279 571 406 632 sapientie
422 568 576 627 disciplinam
587 569 686 616 videtur
696 567 745 624 sigss
770 566 797 611 ln
809 566 868 613 istos
884 567 990 614 crateres
1000 565 1109 616 Verbum
1127 564 1204 624 illud,
1215 564 1240 609 in
1251 573 1297 621 quo

218 639 332 698 nitlcare,
349 650 406 698 pars
427 636 564 696 mysticam.
584 637 628 682 Illa
646 648 701 695 quae
718 635 745 680 in
771 631 1299 693 estprincipatussacerdotiirelprophetiae,

219 705 621 763 craterasmittitur,moralisest:
631 705 746 764 hecquae
771 701 874 749 effundit
891 703 1017 761 sanguinis
1031 702 1072 750 sui
1087 703 1185 761 partes3
1197 702 1225 747 ut
1235 699 1298 746 viri·

218 775 250 822 ad
261 775 339 822 altare
356 774 501 830 munditer,
513 773 630 834 mystica3
643 771 746 832 eoquod
770 768 827 816 ficet
839 771 913 830 atque
936 771 1028 817 animet
1046 769 1227 817 irrationabiles
1243 778 1298 828 por-

219 843 304 890 divino
315 854 419 889 munere
431 842 457 887 et
466 841 630 900 adspiratione
642 841 744 900 quadam
770 838 864 896 tiones,
876 838 985 885 31131131
995 838 1161 886 rationabiles.

218 902 334 960 hamanis
349 910 493 958 infundatur
504 911 641 969 mentibus,
653 910 681 956 ut
691 922 745 956 eon-
800 906 823 952 6.
836 905 949 965 Denique
960 907 1003 953 uhi
1018 907 1090 966 Legis
1101 906 1226 965 praeccpta
1237 915 1297 950 cnu-

218 968 345 1028 v'enientia
363 979 389 1027 et
405 977 464 1026 tidei
482 979 556 1038 plena
571 979 601 1026 de
619 980 672 1026 Deo
690 990 746 1025 sen·
770 975 874 1022 merant
882 976 955 1034 atque
963 975 1118 1021 annuntiavit
1126 972 1298 1034 populo,theo·

217 1047 305 1095 tiant.'
770 1044 832 1090 riam
854 1044 939 1104 postea
958 1043 1123 1102 intelligibilis
1147 1043 1215 1089 illius
1238 1053 1297 1088 arcae

251 1112 277 1161 5.
291 1114 403 1176 benique
418 1116 461 1176 qui
476 1116 571 1176 loquuti
583 1115 639 1162 sunt
652 1116 682 1162 de
693 1113 747 1172 ejus
770 1111 921 1170 testimonii,
931 1113 971 1159 vel
981 1110 1134 1168 candelabri,
1143 1111 1184 1156 vel
1193 1108 1298 1168 thymia·

218 1184 362 1244 majestate,
381 1185 451 1232 etde
469 1186 623 1243 coelestibus,
634 1185 674 1230 vel
690 1195 748 1243 apo·
771 1180 868 1226 materii
884 1181 1043 1239 loquuturus,
1055 1179 1193 1224 immolavit
1208 1175 1297 1223 hostias

219 1255 290 1309 31311,
308 1254 350 1302 rel
362 1253 441 1301 sancti
453 1254 593 1313 prophetae,
604 1252 700 1300 nonnisi
713 1265 744 1298 ex
771 1250 797 1295 et
808 1248 909 1307 libavit,
920 1248 1045 1308 sanguinis
1060 1247 1156 1306 partem
1170 1245 1297 1292 affundens

219 1322 372 1371 revelatione
384 1323 549 1369 demonstratu
559 1322 606 1368 sibi
618 1321 684 1381 loqui
695 1320 746 1367 ausi
772 1317 889 1364 altaribus
905 1318 995 1375 sacris,
1005 1318 1101 1377 partem
1118 1316 1204 1362 autom
1216 1313 1297 1361 intun-

173 1380 182 1392 ⁴
219 1391 286 1440 sunt.
297 1391 367 1438 Unde
379 1391 467 1437 Paulus
477 1390 504 1437 31
519 1391 616 1450 replum
627 1402 653 1436 se
669 1389 695 1435 in
705 1401 747 1448 pa·
771 1386 831 1432 dens
843 1384 988 1433 crateribus.

219 1460 341 1520 radisum,
354 1460 380 1506 et
389 1458 487 1506 audisse
497 1469 524 1506 se
534 1458 623 1518 verba,
634 1470 688 1518 quae
698 1469 746 1503 non
802 1456 824 1501 7.
835 1455 872 1502 Fit
880 1453 1032 1514 ergodivisio
1040 1452 1151 1515 mysticae
1163 1451 1297 1513 illius,lroc

220 1526 280 1573 licet
291 1525 386 1573 homini
395 1525 477 1585 loqui,
489 1525 515 1572 in
527 1525 631 1584 epistola
642 1536 685 1570 sua
696 1524 746 1570 tes·
771 1523 919 1582 est‚divinae
930 1523 1077 1583 moralisque
1089 1523 1227 1582 sapientiae.
1235 1516 1300 1574 Αὸγος

220 1593 327 1639 tilicatus
342 1592 380 1639 cst
396 1605 403 1638 r
417 1592 554 1652 Stephanus
570 1602 667 1650 quoque
685 1590 747 1637 vidit
772 1593 837 1637 enim
848 1591 940 1640 divisor
949 1592 986 1639 est
993 1592 1130 1638 animarum
1139 1591 1214 1650 atque
1224 1589 1296 1636 virtu·

220 1661 294 1707 coelos
311 1659 420 1719 apertos,
438 1660 463 1706 et
478 1660 561 1705 lesum
572 1658 602 1704 ad
619 1658 749 1705 dexteram
771 1661 842 1706 lum:
858 1657 1007 1715 ldyrcautem
1017 1659 1121 1708 verbum
1133 1659 1180 1705 Dei
1190 1656 1296 1712 validum

220 1728 266 1774 Dei
276 1729 381 1776 stantem
396 1741 403 1773 r
421 1728 447 1775 et
464 1727 542 1774 David
553 1727 673 1787 propheta
684 1727 747 1774 vidit
772 1729 797 1776 et
807 1729 920 1788 acutum,
931 1729 996 1789 quod
1004 1728 1138 1788 pertransit
1149 1739 1176 1773 ac
1187 1726 1299 1786 penetrat

179 1804 182 1809 ·
221 1795 357 1844 sedentem.
369 1796 429 1841 Nam
440 1796 471 1842 de
482 1796 564 1855 Moyse
575 1795 636 1854 quid
648 1795 747 1855 loquar,
771 1810 849 1857 usque
864 1798 894 1844 ad
911 1797 1059 1845 divisionem
1075 1796 1180 1854 animae,
1197 1795 1297 1840 virtutes

221 1863 252 1911 rle
269 1876 317 1922 quo
336 1863 397 1911 dicit
412 1862 626 1923 Scriptura,qu0d
636 1875 685 1910 non
696 1876 748 1909 sur·
772 1879 869 1926 quoquc
879 1865 1009 1925 distinguit
1017 1865 1043 1912 et
1054 1863 1161 1922 ‹lindic3
1171 1863 1244 1921 cujus
1254 1861 1298 1907 mi·

183 1983 184 1986 ,
220 1933 288 1981 rexit
299 1933 404 1992 amplius
417 1933 537 1993 propheta
548 1933 575 1978 in
585 1933 673 1990 lsrael,
684 1933 748 1982 sicut
772 1935 850 1980 nister
864 1935 958 1994 Moyses
974 1933 1096 1981 divisione
1110 1933 1237 1992 sauguinis
1252 1931 1298 1978 vir·

220 2003 328 2062 Moyses,
340 2004 384 2062 qui
401 2002 475 2049 scivit
490 2003 621 2048 Dominum
637 2001 700 2048 thcie
718 2001 748 2047 ad
772 2002 851 2050 tntum
862 2015 952 2064 genera
962 2002 1086 2049 distinxit.

220 2069 324 2128 taciem,
334 2069 361 2116 iu
373 2070 485 2117 omnibus
497 2070 572 2130 sigms
583 2070 608 2116 et
618 2069 749 2130 prodigiis,
802 2072 826 2118 8.
838 2073 867 2119 Et
876 2072 934 2131 quia
945 2070 1008 2117 nihil
1019 2083 1068 2129 pree
1080 2070 1176 2118 caeteris
1188 2071 1214 2117 ln
1226 2072 1296 2128 Lego,

222 2150 277 2197 quae
288 2138 348 2186 tecit
359 2139 462 2187 interra
472 2139 576 2198 AEgypti.
771 2140 819 2188 nisi
827 2140 1040 2188 Christiadventus
1048 2141 1219 2198 annuntiatur,
1228 2141 1295 2198 atquc

250 2205 275 2253 t.
298 2208 398 2267 llystica
425 2220 482 2267 ergo
507 2208 559 2255 Deo
578 2208 683 2268 libatur,
705 2207 749 2268 qui
772 2210 826 2268 ejus
840 2208 1007 2269 praeliguratur
1025 2210 1187 2269 passi03vide
1203 2222 1235 2255 nc
1254 2209 1297 2254 ista
1323 2206 1327 2212 '

220 2276 350 2335 splendore
357 2276 449 2324 divinae
458 2276 595 2336 sapientiae,
604 2277 749 2336 cujnspater
772 2278 804 2324 sit
812 2278 890 2324 hostia
901 2277 1025 2336 salutaris,
1035 2289 1108 2337 quam
1116 2276 1227 2322 Verbum
1236 2278 1296 2322 Deus

221 2345 249 2392 ot
263 2345 358 2404 genitor
369 2345 420 2403 est,
431 2345 565 2391 intlammat
577 2345 664 2391 animae
680 2346 748 2402 vigo·
772 2346 798 2393 in
809 2346 949 2405 semetipso
960 2346 1062 2404 obtulit,
1074 2347 1148 2405 atque
1159 2346 1187 2392 in
1198 2358 1241 2393 suo
1252 2346 1296 2391 im-

220 2425 275 2460 rem
298 2425 326 2459 ac
344 2414 453 2461 mentem
473 2412 605 2459 illuminat.
624 2413 747 2472 Sapientia
772 2415 874 2462 molarit
884 2426 985 2473 corpore
997 2427 1003 2460 :
1016 2414 1081 2474 quod
1091 2416 1171 2474 primo
1181 2415 1296 2461 moralem

221 2484 304 2529 autem
323 2482 370 2527 Del
388 2481 509 2539 Christus,
521 2481 547 2527 in
566 2483 636 2540 cujus
647 2482 746 2542 pectore
772 2483 798 2528 in
809 2483 953 2542 Evangelio,
965 2482 1008 2530 sed
1019 2482 1095 2529 etiam
1106 2484 1130 2528 in
1142 2484 1207 2541 Lege
1218 2481 1297 2529 docuit

220 2549 381 2596 recumbebat
390 2549 526 2607 lohannes,
538 2549 566 2595 ut
576 2549 606 2596 de
617 2550 748 2609 principali
771 2550 940 2611 disciplinam,
953 2553 977 2597 31
995 2551 1020 2596 111
1032 2563 1075 2598 sua
1086 2552 1208 2610 patientia
1227 2553 1296 2610 atque

221 2617 265 2663 illo
282 2618 426 2676 secretoque
444 2617 571 2676 sapientia
590 2618 699 2664 hausisse
710 2617 748 2664 di·
772 2619 798 2665 in
809 2619 861 2679 ipso
871 2619 927 2666 actu
942 2620 967 2666 et
982 2631 1055 2678 opere
1066 2620 1213 2666 monstravit
1222 2653 1229 2678 ,
1238 2621 1297 2666 tarn-

221 2683 278 2730 rma
287 2684 431 2742 proderetur
439 2683 563 2742 mysteria.
573 2684 686 2743 Denique
695 2684 748 2743 ipse
772 2703 844 2748 qnam
859 2691 887 2736 in
901 2689 1023 2748 crateras,
1035 2690 1070 2736 ita
1080 2689 1106 2735 in
1117 2701 1198 2737 mores
1208 2689 1299 2736 nostros

222 2752 332 2800 conscius
343 2752 453 2801 muneris
463 2753 509 2799 hoc
519 2753 629 2812 scripsit,
638 2751 680 2813 qui
691 2754 748 2813 sibi,
772 2770 904 2817 sensusque
915 2756 1088 2805 transfundens
1103 2758 1174 2805 velut
1190 2758 1299 2804 substan-

221 2820 288 2880 quod
301 2820 443 2880 acceperat,
456 2820 598 2879 vindicare,
613 2821 639 2868 et
652 2822 750 2868 3110311-
772 2826 832 2874 tiam
840 2826 969 2886 quamdam
978 2827 1003 2873 et
1011 2826 1097 2873 vitalia
1105 2826 1299 2885 ipsasapientiae,

220 2890 317 2950 signare
336 2889 434 2949 iugenio
456 2889 637 2936 reformidabat·
657 2890 705 2938 Sed
723 2889 748 2937 et
772 2895 861 2954 quibus
877 2895 972 2942 mentes
983 2894 1112 2941 hominum
1123 2894 1260 2942 vivificavit
1271 2895 1299 2940 ad

221 2958 274 3018 ipse
283 2957 399 3005 Dominus
406 2957 504 3005 dicebat
510 2958 670 3018 apostolis,os
678 2971 749 3006 suum
772 2964 871 3012 virtutis
879 2964 1053 3023 seminarium,
1065 2965 1089 3011 et
1099 2963 1213 3011 instituta
1223 2964 1300 3022 pieta-

221 3025 336 3086 aperiens
354 3039 361 3072 1
378 3027 479 3086 Accipite
497 3029 609 3087 Spiritum
627 3031 749 3088 sonclnm3
772 3032 804 3080 tis
816 3045 822 3078 :
833 3033 922 3080 deindo
935 3031 1054 3079 accedens
1066 3032 1097 3078 ad
1111 3033 1207 3091 311313,
1217 3031 1300 3079 offudit

221 3105 270 3153 quo
281 3093 414 3143 declaravit
424 3106 451 3142 se
462 3107 530 3155 esse,
540 3095 583 3154 qni
593 3095 668 3155 bloysi
679 3096 750 3143 dire·
772 3101 856 3150 hostiae
867 3114 917 3148 suae
928 3101 1079 3159 sanguinem.

222 3162 261 3209 rat
271 3175 279 3206 r
290 3163 340 3222 uro
351 3165 456 3222 aperiam
468 3175 494 3211 or
509 3167 588 3221 luam,
600 3167 622 3212 ct
632 3166 748 3213 instruam
802 3171 826 3218 9.
835 3171 920 3231 ltaque
931 3170 984 3217 sive
995 3169 1030 3217 ita
1041 3170 1093 3217 hec
1104 3169 1225 3230 accipias,
1236 3169 1303 3230 pius,

221 3233 244 3276 rr
253 3233 308 3290 quea
318 3231 401 3279 arcear
414 3231 486 3290 locri·
497 3233 557 3290 ergo
568 3233 620 3279 bec
630 3233 749 3293 sapientia
772 3240 800 3288 ut
809 3240 929 3299 arbitror,
939 3251 1024 3287 sensus
1035 3240 1072 3286 est
1082 3252 1089 3285 =
1101 3238 1154 3287 sive
1166 3240 1301 3287 secunaum

222 3298 320 3358 (lirina,
338 3300 525 3359 inenarrabilis,
536 3303 695 3362 impermixta
711 3302 750 3348 at·
772 3309 925 3356 salomonem
940 3307 1016 3366 velis,
1033 3308 1156 3355 concurrit
1173 3321 1259 3368 aeque,
1276 3307 1302 3353 ut

221 3381 270 3426 que
289 3369 429 3428 incorrupta
448 3373 588 3418 sanctorum
604 3371 694 3420 animis
712 3373 749 3420 sui
773 3377 983 3438 quiasangninem
991 3375 1303 3436 misitiucrateraslloyses

221 3434 493 3496 infunditgratiam‚et
503 3440 668 3498 cognitionem
678 3453 750 3490 1313·
772 3445 1043 3504 propheta,eognoscas
1051 3443 1133 3504 ipsum
1141 3457 1196 3492 esse
1205 3444 1303 3504 sangui·
1343 3480 1348 3487 ,

222 3505 270 3563 lat,
279 3503 307 3552 ut
317 3505 474 3564 speculentur
482 3505 536 3563 ejus
545 3507 657 3566 gloriam.
773 3525 844 3572 nem,
855 3512 945 3573 dequo
955 3513 1074 3572 scriptum
1084 3515 1121 3560 est
1132 3515 1192 3573 quia
1203 3515 1303 3574 sapien-

252 3573 276 3618 d.
288 3572 332 3618 1113
348 3573 431 3634 autem
450 3574 549 3622 moralis
563 3574 691 3635 sapientire
702 3573 751 3624 dis·
773 3581 809 3628 113
826 3582 926 3629 miscuit
947 3581 974 3628 in
992 3583 1086 3628 cratere
1109 3582 1198 3629 vinum
1216 3595 1303 3642 suum,

222 3641 313 3702 ciplina
322 3642 372 3700 est,
382 3654 436 3702 qcrae
444 3643 551 3691 mittitur
558 3644 585 3691 in
596 3645 714 3704 crateras,
726 3646 751 3693 et
774 3650 857 3697 dicens
868 3650 895 3696 ut
903 3649 1072 3709 relinquerent
1080 3649 1268 3711 insipientiam,
1278 3651 1304 3697 31

223 3722 256 3757 cx
266 3709 315 3758 illis
325 3711 461 3770 percipitur
473 3712 548 3771 atque
559 3713 680 3761 hauritur.
693 3715 751 3761 Cra·
768 3717 1073 3778 ¹quaererentsapientiam.
1081 3718 1200 3764 llauritur
1208 3718 1304 3776 ergodo

134 3796 136 3800 ·
223 3778 289 3826 teres
300 3777 376 3837 igitur
387 3791 502 3826 sensuum
518 3783 683 3840 receptacula.
694 3784 750 3830 Cra·
775 3785 869 3833 cratere
884 3785 1019 3845 sapientia,
1030 3785 1145 3833 hauritur
1162 3786 1303 3844 disciplina,

223 3847 288 3894 teres
297 3844 361 3892 oculi
374 3848 431 3893 sunt
441 3846 489 3893 duo
499 3879 507 3906 ,
517 3860 588 3896 aures
599 3850 669 3908 sunt,
679 3863 751 3898 nares
775 3853 887 3901 hauritur
894 3853 1046 3912 intellectus,
1055 3854 1168 3902 hauritur
1177 3854 1305 3913 correctio,

223 3921 294 3974 sunt,
305 3927 331 3962 os
341 3927 452 3975 quoque,
463 3915 488 3961 et
501 3916 555 3963 aliae
565 3919 649 3974 partes
659 3930 749 3966 conve·
776 3922 889 3970 hauritur
899 3922 956 3969 vitre
967 3921 1121 3981 emendatio,
1131 3922 1248 3969 hauritur
1256 3933 1306 3968 mo·

224 3982 750 4044 313313331313111331113111111131131331-
776 4000 830 4035 rum
848 3989 873 4036 31
888 3989 1047 4037 consiliorum
1063 3990 1233 4051 temperatio,
1252 3990 1308 4053 pie«,
