2760 4800
54 329 57 333 ¹
125 363 166 412 lit
520 361 644 407 sirnc‘rl
659 362 824 406 inflatiori

153 445 191 494 li.
202 445 310 507 Venistis
318 456 375 504 erqo
385 443 416 490 ad
424 444 500 493 altare
509 476 516 502 ,
525 441 653 503 accepistis
679 443 707 488 nt
721 442 797 490 nolite
808 443 895 502 putare
906 441 1035 491 mediocris
1046 453 1100 491 esse
1109 439 1217 492 virtutis

123 515 226 575 qratiam
240 513 343 572 Christi,
360 513 510 560 sacramenta
528 512 587 559 estis
603 522 653 558 coe·
677 510 740 557 scire
761 511 967 570 quemadmodum
992 511 1076 559 oretis.
1099 511 1214 572 Apostoli

123 583 195 633 lestia
210 581 362 642 consequuti.
378 580 475 628 Gaudet
490 581 597 628 Ecclesia
613 590 654 625 re-
678 579 754 626 sancti
773 578 888 627 dicebant
904 580 935 626 ad
950 580 1083 627 Dominum
1101 581 1211 627 lesums

123 650 246 707 damtione
255 651 403 708 multorum,
415 651 441 696 ct
451 648 546 696 adstare
558 647 605 694 sibi
616 646 653 692 ia·
677 649 776 695 Domino
782 679 791 705 ,
802 649 857 696 doce
867 660 909 696 nos
919 661 1001 705 mare,
1015 649 1213 709 quemadmodum

48 770 52 775 ,
122 721 216 770 millam
221 719 374 768 candidatam
379 718 483 779 spiritali
489 717 652 766 exsultatione
676 717 794 765 lohannes
804 719 880 766 docuit
890 718 1011 777 discipulos
1020 730 1083 766 suos.
1094 719 1162 765 Tune
1173 717 1211 766 ait

122 791 228 838 laetatur.
240 789 320 836 naues
331 788 378 835 hoc
389 789 415 834 iu
426 787 533 835 Canticis
544 786 653 833 cantico·
677 787 795 835 Dominus
806 788 941 835 orationem
949 800 955 833 ε
963 790 1035 835 Pater
1044 789 1125 835 noster
1135 789 1177 847 qui
1185 801 1214 834 es

122 870 185 907 rum.
193 858 284 905 Laetata
290 857 387 905 invocat
394 855 529 914 Christum,
541 857 653 916 paratum
676 857 773 904 incaelis
785 871 793 902 ι
804 857 959 915 sanctificetur
968 869 1053 903 nomeu
1068 859 1136 904 mutu
1146 870 1155 902 .·
1166 857 1211 903 ad-

122 927 216 975 liabens
223 924 552 985 conviviumquoddignum
559 923 652 971 eoelesti
676 929 753 974 ueniat
764 941 861 987 acquum
873 930 938 974 tuum
949 928 1010 986 :fiat
1025 927 1133 974 uoluntas
1148 928 1191 973 tuo
1198 956 1209 984 ,

119 997 262 1058 epulatione
274 996 396 1046 videatur.
415 995 522 1054 Ideoque
539 994 574 1041 ait
586 1007 593 1039 c
605 998 651 1042 De-
675 998 734 1044 sicut
743 999 769 1043 iu
780 999 835 1044 coelo
844 999 866 1044 ei
875 998 899 1043 in
910 999 974 1043 ternu
984 1011 993 1043 .·
1002 1008 1088 1056 panem
1099 998 1207 1043 noanon

121 1066 300 1124 scuaufraur
313 1067 413 1112 sumnia
428 1064 523 1109 tior-tum
537 1077 618 1120 mum,
630 1066 651 1111 et
677 1066 837 1122 quotidianum
857 1065 888 1111 aio
902 1064 968 1111 nobis
985 1064 1103 1111 laodiensi
1118 1064 1207 1111 dimitte

121 1136 200 1194 capiat
221 1135 324 1193 fructum
350 1132 522 1192 pomiferarum
543 1146 650 1181 suarum.
676 1132 1037 1189 atotisdebitonostro,eteutet
1052 1144 1095 1178 noa
1110 1131 1208 1177 dimitti·

121 1203 181 1260 Quae
196 1204 253 1250 sunt
268 1202 321 1249 istae
334 1200 477 1261 pomiieraei
487 1201 592 1261 Lignum
602 1203 651 1248 ari·
676 1213 728 1248 ntus
738 1201 875 1248 debitoribus
883 1203 967 1249 nostris
975 1215 984 1248 a
993 1203 1015 1248 et
1023 1201 1208 1259 nenoeputiura's

121 1270 265 1319 dumfaetus
277 1283 330 1317 eras
341 1270 366 1316 in
377 1271 452 1318 amm
462 1283 469 1318 a
478 1270 595 1319 sedunus
607 1285 652 1332 per
676 1270 754 1316 iatduci
767 1271 792 1317 iu
811 1271 973 1326 tentationem,
988 1269 1026 1316 sed
1042 1267 1116 1314 litera
1132 1279 1176 1314 non
1190 1280 1207 1314 a

121 1341 224 1402 qratiam
239 1339 327 1389 Christi
343 1339 471 1400 pomiterae
485 1339 653 1402 arborespul-
676 1338 748 1384 mato.
757 1338 831 1385 Vides
840 1336 1004 1398 quambrevis
1013 1335 1107 1392 oratio,
1119 1333 1145 1382 ct
1154 1346 1208 1380 om·

120 1409 215 1458 inlatis.
676 1408 745 1454 nium
762 1409 836 1467 plena
851 1407 972 1456 virtutum
991 1403 1109 1466 :primas
1125 1413 1208 1451 memo

152 1475 190 1524 io.
201 1476 319 1526 Libenter
331 1476 422 1538 accipit
433 1475 553 1526 Dominus
563 1475 650 1537 lesus,
676 1475 772 1536 quantae
781 1477 813 1524 sit
823 1477 921 1536 gratiaci

120 1545 147 1592 ot
154 1543 294 1604 dignatione
301 1547 395 1594 coelesti
406 1545 533 1608 respondit
539 1546 651 1594 Ecclesiae
706 1548 744 1596 19.
755 1546 774 1593 0
785 1549 875 1607 homo,
886 1546 974 1594 taciem
984 1545 1052 1593 tuam
1067 1556 1117 1592 uon
1132 1541 1209 1590 aude·

55 1608 60 1613 ’
120 1625 170 1661 suae
180 1627 188 1660 t
198 1616 327 1671 Descendi,
337 1613 433 1674 iuquit,
442 1617 468 1663 in
480 1614 574 1662 tortum
580 1647 588 1672 ‚
600 1617 652 1663 ain·
675 1615 718 1663 has
734 1616 765 1663 ad
776 1617 866 1663 coelum
876 1615 1010 1672 adtollere,
1021 1612 1105 1660 oculos
1115 1614 1170 1659 tuos
1179 1611 1206 1657 in

119 1683 219 1730 deminui
233 1683 355 1742 myrrham
370 1697 423 1730 eum
438 1685 560 1743 unquentis
574 1686 650 1732 oseis:
676 1685 767 1733 terram
784 1685 918 1744 dirigebas,
939 1684 965 1732 et
987 1683 1069 1730 subito
1088 1680 1207 1741 accepisti

85 1766 90 1776 ·
120 1752 435 1810 rnandncueipauemtneum
447 1765 500 1798 cum
509 1753 574 1799 melle
585 1766 649 1810 naeu,
675 1755 777 1813 gratiam
788 1755 890 1810 Christi,
902 1752 984 1800 omnia
997 1750 1044 1799 tihi
1055 1750 1156 1810 peccata
1167 1748 1208 1796 di-

118 1820 142 1864 ct
153 1817 284 1864 linivieum
291 1831 368 1865 meum
376 1819 650 1877 tantulumcunque,
676 1824 823 1870 missisunt.
835 1825 872 1869 Ex
882 1822 946 1869 malo
955 1831 1026 1868 servo
1036 1818 1115 1866 iactus
1126 1829 1153 1865 es
1163 1817 1208 1864 bo-

120 1885 215 1946 iuquit‚
224 1886 308 1944 fratres
316 1888 362 1933 mei
368 1919 378 1944 ,
389 1890 411 1935 ct
421 1887 581 1935 inebriamini.
676 1904 722 1939 nus
732 1891 810 1950 filius3
823 1891 878 1938 ideo
892 1900 1030 1948 praesume,
1041 1898 1091 1933 nou
1101 1885 1133 1932 de
1145 1896 1205 1944 ope-

149 1954 189 2001 16.
201 1955 476 2014 Vindemiuuiuayrrlaam
485 1969 539 2003 eum
547 1969 651 2016 unquen-
675 1960 769 2007 ratione
781 1959 835 2018 tua,
844 1957 888 2006 sod
896 1958 927 2005 de
938 1955 1027 2003 Christi
1038 1954 1118 2014 gratia
1127 1967 1134 2000 a
1143 1954 1206 2001 Gra-

119 2024 149 2069 iis
158 2023 225 2080 ucis.
237 2024 297 2081 Quae
306 2024 345 2072 est
354 2023 548 2072 istacindemiat
558 2025 651 2084 Cogno·
675 2032 708 2077 tia
720 2029 787 2076 enim
797 2029 880 2077 saltanti
888 2028 953 2085 estis,
964 2024 1091 2085 Apostolus
1099 2023 1143 2071 ait.
1151 2022 1204 2070 Non

119 2090 300 2152 autenticam,
312 2094 338 2140 et
346 2092 481 2152 agnoscetis
488 2093 648 2142 vindemiam.
675 2110 731 2157 erqo
740 2097 780 2144 liic
789 2093 926 2154 arrogantia
937 2093 987 2152 est,
998 2092 1042 2139 sed
1051 2091 1112 2139 tides
1123 2104 1129 2136 :
1141 2103 1205 2150 pras·

120 2163 235 2220 Vineam,
247 2161 342 2222 inquit,
351 2176 382 2210 eu
390 2165 489 2224 AEqrpto
498 2165 650 2223 transtulisti,
675 2167 756 2213 dicare
764 2165 829 2225 quod
840 2162 965 2222 acceperis
973 2157 1206 2220 nonestsuperbia,

119 2231 222 2290 liecest,
233 2233 351 2292 populum
362 2232 418 2279 Dei.
431 2233 478 2278 Vos
489 2232 548 2279 estis
560 2232 649 2291 vinea,
675 2235 718 2282 sed
729 2235 836 2283 devotio.
847 2235 908 2292 lirgo
921 2231 1012 2279 adtolle
1022 2226 1107 2277 oculos'
1118 2228 1149 2276 ad
1158 2228 1205 2275 Pa-

119 2311 163 2346 vos
174 2298 232 2346 estis
246 2299 390 2346 vindemia:
403 2298 473 2358 quasi
488 2298 561 2347 vinea
579 2300 651 2356 plan·
675 2303 753 2362 trem,
763 2303 806 2362 qui
821 2303 846 2349 te
861 2314 907 2362 per
917 2302 1041 2349 lavacrum
1052 2297 1138 2357 genuit
1154 2297 1206 2344 :ad

118 2367 181 2426 tati,
192 2366 262 2426 quasi
276 2366 401 2414 vindemia
417 2365 523 2413 tractum
539 2365 649 2414 dedistis.
675 2371 770 2418 Patrem
782 2371 825 2431 qui
841 2370 865 2418 te
877 2382 922 2430 per
936 2368 1027 2415 Filium
1043 2364 1163 2425 redemit,
1178 2368 1204 2413 et

120 2437 649 2496 Vindemiaoimyrrlsomcumuuqucntismeis,
675 2439 714 2486 dic
726 2443 813 2488 :Pater
822 2442 909 2488 noster.
918 2439 985 2485 Bona
994 2434 1149 2497 praesumtio,
1160 2434 1202 2482 sed

118 2503 166 2551 linc
174 2503 226 2564 est,
237 2503 264 2551 iu
272 2503 371 2551 odorem
383 2516 456 2562 quem
466 2502 603 2563 accepistis.
674 2508 807 2556 moderata.
816 2507 913 2554 Patrem
922 2506 983 2553 dicis
991 2504 1061 2566 quasi
1068 2504 1148 2550 iilius:
1159 2503 1205 2552 sed

149 2573 189 2620 17.
199 2573 430 2632 Mandueaaiponem
437 2578 577 2620 summeium
584 2574 650 2621 tuelle
674 2577 724 2624 noli
742 2577 788 2624 tibi
804 2576 944 2637 specialiter
958 2573 1051 2634 aliquid
1067 2571 1204 2622 vindicare.

118 2653 179 2687 saue.
190 2639 268 2687 Vides
279 2639 346 2700 quod
357 2639 383 2685 iu
393 2639 440 2686 lioc
450 2650 514 2699 pane
529 2640 599 2686 nulla
618 2640 650 2688 sit
675 2645 753 2692 Solius
763 2645 853 2692 Christi
863 2643 976 2704 specialis
987 2641 1025 2689 est
1035 2641 1122 2698 Pater,
1133 2640 1206 2688 nobis

118 2708 270 2766 amaritudo,
282 2708 326 2756 sed
336 2706 415 2754 omnis
424 2707 586 2756 suauitassiti
595 2709 650 2757 Biti
674 2715 788 2760 omuibus
798 2705 829 2760 'iu
844 2725 972 2760 commune
992 2711 1029 2758 cst
1043 2708 1130 2768 Pater3
1144 2709 1205 2770 quia

117 2779 200 2824 ninum
213 2791 291 2838 mmm
304 2789 356 2824 eum
371 2777 429 2825 tocie
444 2790 504 2825 meo.
515 2777 589 2825 Vides
604 2778 650 2824 hu·
674 2784 745 2829 illum
763 2783 841 2830 solum
861 2782 962 2842 genuit,
978 2792 1021 2828 uos
1036 2778 1138 2827 creavit.
1157 2777 1204 2826 Dic

116 2845 223 2904 jusmodi
232 2844 417 2904 esculentiam,
429 2845 649 2905 qnaeuulliuspec-
674 2864 730 2912 ergo
746 2851 771 2898 et
785 2851 813 2898 iu
827 2862 873 2910 per
887 2849 989 2911 gratiam
1001 2862 1008 2894 ι
1019 2851 1092 2895 Pater
1108 2848 1204 2904 ausim
1276 2902 1280 2914 .

118 2914 284 2963 catisordihus
294 2913 432 2974 polluatur?
442 2914 648 2974 Quotiescumque
673 2920 828 2968 attiliusesse
836 2913 1206 2967 merearisllcclesiaecoutuitu

117 2981 187 3030 enim
202 2983 281 3043 bibis,
296 2982 467 3031 remissionem
482 2981 574 3042 accipis
590 2995 650 3043 pec·
673 2989 699 3036 et
709 2986 903 3036 consideratione
915 2988 939 3034 te
952 2986 1005 3045 ipse
1018 2983 1173 3032 commenda.

117 3051 241 3112 catorum,
252 3054 279 3101 et
289 3051 419 3100 inebriaris
434 3051 462 3098 lu
471 3051 569 3110 spiritu.
578 3051 648 3098 Unde
701 3056 740 3104 20.
752 3057 920 3112 paternoster,
931 3056 1004 3115 quies
1017 3055 1043 3099 in
1055 3052 1125 3099 coetis.
1138 3050 1204 3108 Quid

117 3118 143 3167 et
151 3121 277 3180 Apostolus
287 3120 322 3167 ait
333 3130 341 3165 t
352 3120 429 3167 Nolite
438 3118 552 3165 inebriari
562 3120 646 3166 vino-u
673 3125 710 3173 est
720 3127 745 3172 in
750 3123 825 3172 coelis?
832 3124 894 3170 Audi
900 3123 1052 3183 scripturam
1061 3119 1203 3168 dicentema

116 3189 155 3236 ⁸⁸⁶¹
164 3187 290 3247 implemini
308 3187 396 3246 Sim
405 3187 501 3244 ⁸a²¹⁶s⁰i
512 3184 571 3233 Vi¹¹⁰
582 3185 648 3231 essim
672 3193 787 3238 Excelsus
797 3203 871 3251 super
887 3203 971 3238 omues
987 3189 1062 3237 coelos
1073 3187 1205 3235 nominas.

116 3254 159 3317 qui
167 3253 319 3314 inebriatur,
330 3253 430 3302 vacillat
441 3252 467 3300 et
477 3252 569 3300 titubat
578 3265 585 3297 ι
594 3252 648 3313 Spi-
674 3258 806 3319 aiuntque
820 3258 896 3305 habes
906 3257 972 3318 quod
984 3267 1059 3316 super
1070 3255 1144 3301 coelos
1154 3265 1205 3301 coe·

116 3321 219 3382 rituqui
227 3320 377 3378 inebriatur,
386 3319 508 3367 radicatus
519 3318 545 3366 in
553 3319 648 3367 Christo
672 3329 751 3374 lorum
766 3328 883 3374 Dominus
897 3326 944 3384 sit,
956 3325 1024 3385 quasi
1037 3335 1085 3370 non
1097 3323 1125 3370 iu
1134 3322 1204 3368 coelis

116 3389 164 3437 ⁰⁸&
176 3390 206 3437 Et
215 3387 272 3436 5⁶⁶⁰
282 3387 399 3449 lfaedari
410 3387 528 3445 ebrietas,
541 3400 596 3447 (1¹1ae
611 3399 648 3434 ⁸⁰·
672 3397 698 3445 et
708 3397 806 3456 Angeli,
817 3396 886 3456 quasi
902 3407 953 3443 non
964 3396 990 3441 in
1002 3390 1072 3443 celis
1083 3394 1109 3441 ot
1119 3391 1206 3438 Domi-

34 3495 38 3499 *
116 3455 250 3504 ortelium
267 3455 357 3504 mentis
374 3453 498 3515 operatur.
515 3454 573 3500 flac
590 3455 648 3502 sunt
671 3465 799 3524 nationes;
814 3465 857 3512 seu
875 3465 901 3511 m
913 3464 962 3510 niu
973 3463 1055 3521 cetis,
1066 3460 1096 3508 ae
1113 3460 1208 3521 quinus

10 4258 113 4513 Ὗ,-

115 3535 171 3583 quae
181 3523 212 3572 (Ῐθ
229 3522 387 3572 83013111θῦᾒὸ
400 3520 512 3572 bfeiitef
523 3533 568 3582 1’0r
569 3524 647 3570 ium·
672 3535 766 3582 dictum
782 3536 819 3582 est
830 3548 837 3580 a
849 3536 906 3582 Coeli
915 3535 1029 3580 annuunt
1039 3532 1138 3592 qlora'am
1148 3533 1204 3579 Dei·

116 3603 181 3642 Μ·
672 3603 764 3650 tloelum
773 3601 811 3650 cst
822 3601 858 3647 ibi
867 3601 924 3659 ‚ulli
937 3599 1040 3647 cessavit
1052 3600 1125 3658 culpa
1136 3611 1143 3644 e
1153 3610 1206 3646 coe·

147 3668 154 3677 ’
671 3671 723 3719 lum
732 3672 769 3719 est
784 3670 835 3729 ini,
850 3669 993 3728 uliitlagitia
1004 3668 1127 3727 feriantur
1134 3681 1141 3713 ε
1154 3679 1204 3715 coe·

281 3728 407 3784 CAPUT
428 3730 483 3783 IV·
671 3743 722 3789 lum
746 3740 784 3789 est
800 3739 853 3798 ibi,
875 3737 919 3786 ubi
940 3737 1036 3786 uullnm
1057 3736 1144 3784 mortis
1166 3737 1205 3785 est

115 3835 144 3874 Ul
151 3845 215 3874 novos
222 3835 294 3874 tideles
305 3835 403 3874 instituat
411 3836 487 3874 orandi
495 3836 580 3882 torma,
591 3844 645 3883 pro·
671 3810 770 3856 mnus·

138 3890 227 3938 postam
236 3889 282 3937 imis
289 3889 355 3926 instar
363 3888 442 3936 speculi
449 3888 584 3926 nominicam
593 3897 645 3925 ora·
700 3877 739 3923 il.
750 3879 823 3924 Pater
833 3879 911 3925 noster
921 3878 962 3938 qui
972 3891 996 3924 cs
1005 3877 1031 3923 in
1041 3877 1103 3924 coelis
1115 3888 1123 3922 .·
1134 3886 1203 3922 soue-

137 3942 217 3981 nanem
224 3942 295 3990 paucis
302 3941 394 3989 exponit.
671 3946 767 4003 iiticetur
775 3957 860 3990 nomeu
871 3948 944 3991 luunt.
954 3943 1019 4002 Quid
1030 3943 1083 4000 est,
1096 3941 1204 3998 sonctifi-

145 4017 183 4067 18.
193 4019 265 4077 itanc
275 4017 336 4080 quid
351 4014 476 4075 superest,
489 4014 538 4062 nisi
549 4011 643 4062 oratio?
670 4011 749 4062 cetur?
762 4011 836 4072 Quasi
853 4012 964 4073 optemus
981 4012 1010 4060 ut
1023 4008 1203 4059 sanctificetur
