2760 4800
243 422 291 476 iss
638 429 760 478 seueri
778 430 938 478 anseosrr
992 422 996 431 '

272 512 374 561 lurion
389 512 480 574 ntique
496 523 558 574 opus
574 512 662 561 habuit
675 513 774 561 redeur-
797 514 936 574 portionem
947 513 1075 563 servitutis
1090 511 1322 562 mundoreservert
1371 514 1374 525 ·

242 578 310 628 tione
319 580 444 629 redemtor
455 580 627 629 universorum
639 595 645 627 s
657 582 700 630 sed
709 582 773 630 sicut
797 582 840 630 sed
848 583 876 630 ut
886 583 965 630 totum
973 576 999 631 te
1005 583 1121 643 abneges,
1129 583 1157 630 et
1165 580 1325 629 Dominicru·

242 648 454 697 circumcisionem
464 650 575 711 aceepit,
584 650 612 696 ut
622 652 712 710 Legem
724 651 773 698 im·
797 650 941 708 cemtollas,
953 650 978 697 et
986 649 1095 709 sequaris
1106 661 1176 697 enm.
1332 658 1334 663 ’

242 717 336 777 pleret3
348 719 416 766 etad
430 720 580 780 baptismum
590 720 676 779 venit,
687 721 716 767 ut
726 720 773 766 im·
828 717 1127 777 theognovlmusitaque
1135 714 1326 764 ideomnidian

242 784 323 842 pleret
332 785 454 843 iustitiam
467 800 475 835 s
487 788 522 835 ita
539 789 615 836 etiam
630 788 772 836 didrachma
797 785 933 833 didrachmi
951 787 1016 844 Lege
1029 786 1166 846 postulari,
1182 783 1242 845 qiua
1257 784 1327 832 dimi·

243 851 400 910 exigentibus
410 855 558 902 solutionem
568 867 617 902 non
636 855 771 915 recusavit,
797 853 865 900 dium
877 854 962 913 generi
974 854 1156 913 hujusmundi,
1168 853 1196 900 id
1208 850 1263 912 est,
1273 864 1327 909 con,-

242 918 373 972 sedstatim
381 921 546 982 staterempro
553 922 696 970 didrachmo
699 923 773 981 jarssit
796 923 929 970 versationi
939 925 1051 971 saeculari
1060 919 1069 981 ,’
1079 922 1107 970 et
1115 921 1329 989 usui-domestico,

242 999 287 1047 pro
297 1001 323 1036 se
334 991 360 1037 et
366 991 438 1038 Petro
450 992 512 1039 dari.
523 993 609 1040 llaluit
624 993 690 1039 enim
700 1005 772 1052 supra
796 990 823 1038 et
836 992 973 1050 posteritati
984 990 1174 1050 reservabatur,
1184 991 1277 1051 quibus
1286 1001 1328 1036 ne*

150 1084 152 1089 ,
242 1056 333 1116 Legem
341 1059 772 1120 solvere,quamidquoderatbegis
797 1071 864 1106 cesse
886 1061 940 1106 erat
954 1060 979 1106 et
995 1060 1086 1106 sortem
1098 1071 1130 1106 ex
1141 1061 1225 1117 sorte,
1243 1057 1328 1116 idest,

243 1137 342 1185 negare.
354 1128 466 1175 Ostendit
484 1129 567 1176 antem
584 1130 670 1176 contra
681 1130 772 1189 Legem
796 1127 987 1176 transmissionis
1003 1127 1126 1188 deputari.
1144 1127 1219 1175 Unde
1239 1127 1266 1174 et
1282 1126 1329 1171 llo·

242 1194 486 1256 Judaeostacere‚qui
497 1197 527 1244 ab
539 1209 588 1243 uno
597 1197 769 1244 didrachmum
796 1195 878 1242 minus
888 1195 1041 1243 tentantibus
1051 1208 1077 1243 se
1089 1195 1223 1256 pharisaeis
1230 1193 1328 1242 subdola

243 1263 385 1323 exigerent3
401 1277 456 1312 enm
479 1265 611 1311 dimidium
632 1265 769 1312 didrachmi
796 1263 988 1322 interrogatione
1000 1264 1084 1311 uhum
1099 1262 1329 1312 suaderetceusun

242 1330 392 1390 exigendum
418 1333 511 1390 Moyses
533 1333 720 1392 praescripserit.
741 1335 772 1380 uc
797 1331 849 1377 dari
860 1332 963 1391 Caesari,
973 1332 1101 1391 respondit
1111 1345 1119 1378 ι
1131 1334 1197 1394 Quid
1206 1345 1246 1379 me
1257 1333 1329 1379 lenta·

242 1398 300 1444 ideo
315 1401 341 1446 et
355 1412 399 1459 pro
410 1413 437 1447 se
453 1401 479 1446 et
498 1412 542 1459 pro
557 1401 629 1447 Petro
645 1402 771 1461 tamquam
796 1402 838 1457 tis,
856 1401 1122 1461 luypocritoeiilsleodite
1132 1402 1195 1449 milri
1210 1402 1329 1449 vausune

243 1467 350 1524 singulas
360 1468 487 1514 drachmas
496 1468 522 1514 in
531 1467 622 1514 statere
633 1470 696 1516 solvi
704 1483 772 1517 man·
795 1481 884 1517 census.
895 1471 926 1516 ht
934 1470 972 1517 illi
983 1471 1126 1518 obtulerunt
1136 1471 1165 1519 ei
1182 1469 1328 1529 denariam,

244 1534 320 1582 davit.
332 1537 411 1582 Bonus
422 1536 505 1583 autem
516 1547 604 1582 census
613 1537 717 1596 christi,
728 1538 770 1598 qui
796 1535 822 1582 in
836 1549 885 1596 quo
907 1533 959 1585 erat
979 1539 1060 1598 imago
1077 1539 1189 1586 caesaris.
1201 1537 1245 1586 art
1256 1538 1306 1586 illis
1319 1550 1327 1585 r

243 1603 334 1651 statere
355 1604 475 1663 solvitnr3
495 1603 554 1663 quia
569 1604 660 1651 statera
675 1605 770 1664 iustitia
795 1606 889 1653 Reddite
899 1620 950 1666 que
968 1610 1023 1655 sunt
1039 1609 1160 1666 decuma,
1177 1609 1273 1657 Caesurr'
1286 1608 1330 1655 :et

243 1671 294 1731 est,
301 1671 396 1731 iustitia
405 1675 488 1719 autem
498 1684 571 1731 supra
582 1674 683 1732 Legem.
693 1674 771 1721 Deni-
795 1685 847 1731 quo
857 1677 912 1722 suoi
922 1676 984 1732 Dei,
994 1678 1059 1736 Deo3
1076 1675 1210 1724 ostendens
1230 1675 1288 1722 illos
1297 1674 1329 1722 ita

242 1753 300 1800 que
310 1741 365 1788 tinis
382 1741 453 1800 begis
471 1741 580 1788 Christus
601 1741 632 1788 ad
648 1742 771 1799 justitiam
796 1753 850 1788 esse
860 1742 1033 1802 imperfectos,
1045 1744 1087 1804 qui
1105 1742 1158 1791 sibi
1173 1743 1284 1804 perfecti
1294 1743 1329 1791 ri·

242 1807 440 1857 omnicredenti.
452 1809 497 1855 llic
510 1809 586 1856 stater
596 1808 623 1855 in
634 1822 677 1857 ore
693 1810 770 1869 piscis
796 1808 926 1870 derantur,
948 1810 977 1858 ut
998 1812 1067 1871 prius
1083 1809 1173 1860 Caesari
1188 1823 1268 1872 quum
1281 1813 1328 1860 Dee

243 1878 370 1928 invenitur
385 1892 392 1926 ι
404 1880 471 1927 illius
487 1878 575 1938 piscis,
585 1891 659 1938 quem
671 1880 771 1939 capiunt
796 1878 927 1925 solverent.
936 1879 1031 1938 Quibus
1041 1880 1108 1927 enim
1117 1879 1188 1939 prior
1195 1880 1266 1927 esset
1273 1884 1328 1928 cnr'a

243 1948 376 2008 piscatores
388 1948 516 1996 hominum
530 1958 538 1992 t
550 1947 618 1994 illius
629 1948 717 2007 piscis,
728 1950 771 2009 qni
796 1947 897 2006 mundi,
908 1947 939 1994 ab
959 1948 992 1994 iis
1003 1948 1073 2007 prius
1083 1948 1234 1995 solvendum
1253 1946 1340 2007 toret,

243 2018 362 2078 ponderat
369 2029 493 2080 sermones
499 2027 566 2076 suos,
573 2017 602 2064 nt
612 2015 669 2075 igne
677 2019 772 2065 exami·
796 2016 861 2075 quod
872 2016 925 2063 erat
937 2016 1108 2064 mundi.Unde
1119 2016 1147 2064 et
1155 2017 1195 2065 ait
1206 2029 1214 2063 =
1224 2018 1327 2074 Reddite,
1344 2026 1349 2030 ·

243 2087 313 2135 natos
323 2088 439 2147 proterat.
796 2085 883 2146 idest,
896 2099 940 2134 vos
956 2087 1071 2146 reddite,
1083 2100 1134 2147 que
1146 2089 1202 2137 sunt
1215 2088 1327 2144 meur,

274 2155 312 2203 ii.
324 2159 393 2205 llunc
401 2158 518 2206 staterem
530 2157 771 2216 nescieruntlndaei,
796 2154 861 2213 apud
876 2167 938 2215 quos
956 2156 1033 2217 figure
1052 2156 1080 2204 et
1096 2155 1180 2215 imaro
1200 2154 1327 2204 invenitur

242 2238 317 2286 quem
332 2226 452 2286 proditori
470 2226 604 2275 dederunt.
619 2228 672 2272 Lex
687 2228 772 2274 autem
796 2222 904 2270 Caesaris.

244 2294 373 2342 dimidium
391 2295 527 2343 didrachmi
549 2307 594 2355 pro
616 2295 771 2344 redemtione
826 2291 864 2338 li.
877 2291 917 2338 llli
927 2304 985 2352 ergo
1001 2291 1099 2340 llehraei
1113 2291 1188 2353 pueri
1205 2291 1326 2351 Ananias,

243 2363 331 2410 animas
351 2363 447 2422 exigit,
467 2375 542 2422 qnam
560 2363 702 2410 drachmam
720 2365 771 2411 Deo
796 2360 908 2421 haurias,
919 2363 1071 2420 liisael,ille
1082 2361 1171 2408 Daniel
1184 2361 1326 2421 sapientior,

243 2430 360 2490 deputat,
370 2432 429 2490 qnia
440 2431 519 2477 totum
534 2429 706 2478 didrachmum
714 2433 772 2479 vin·
796 2425 898 2488 quinon
914 2425 1078 2478 adoraverunt
1095 2430 1233 2490 imaginem
1249 2431 1325 2489 repis,

244 2497 326 2545 dicare
339 2511 388 2545 non
397 2498 501 2558 poterat.
511 2497 560 2544 Vix
572 2499 639 2545 enim
650 2500 676 2546 in
687 2500 771 2549 Judaeo
795 2499 897 2557 quinon
908 2500 1057 2560 receperunt
1068 2511 1140 2557 eam,
1157 2499 1203 2558 qni
1222 2499 1287 2546 nihil
1297 2499 1328 2546 de

243 2566 284 2614 vel
303 2566 382 2626 portio
399 2565 536 2613 devotionis
550 2566 647 2625 poterat
667 2566 771 2616 investi·
796 2568 839 2615 illa
849 2581 933 2617 mensa
944 2570 1008 2628 regis
1018 2568 1189 2628 accipiebant,
1200 2580 1253 2616 non
1262 2569 1328 2616 tene·

243 2635 303 2694 gari.
315 2634 362 2693 Qui
378 2635 460 2681 autem
477 2646 551 2681 verus
562 2635 599 2681 est
609 2635 688 2694 liber,
699 2648 771 2686 verns
796 2634 886 2684 bantur
891 2637 922 2683 ad
928 2637 1074 2684 solutionem
1080 2634 1255 2682 tributiltihil
1262 2637 1326 2683 enlm

244 2705 375 2763 hebreus,
392 2705 457 2751 totus
471 2705 509 2751 est
529 2705 591 2763 θεὶς
606 2705 687 2753 totum
705 2709 771 2767 qnod
796 2715 896 2764 eornm,
915 2717 971 2764 quae
987 2704 1031 2752 sub
1049 2716 1107 2764 rege
1123 2703 1228 2752 terreno
1245 2704 1327 2763 erant,

244 2772 770 2835 hahet,1ibertatisest.hihiltacuerimus,
796 2772 959 2830 possidebant·
967 2773 1028 2832 ergo
1037 2783 1122 2818 eorum
1131 2770 1328 2820 imitatorssnon

242 2843 286 2903 qui
301 2843 442 2890 libertatem
457 2843 554 2889 recusat
572 2842 657 2891 dicens
672 2847 772 2901 enitent
795 2840 893 2886 solvunt
906 2840 1045 2899 tributum,
1060 2839 1152 2899 quibus
1170 2841 1255 2899 portio
1265 2841 1328 2888 Deus

242 2914 370 2959 Dominum
380 2924 468 2968 meum,
475 2914 497 2958 et
508 2924 608 2958 uxorem
617 2915 641 2959 et
649 2913 751 2972 infantes
762 2927 770 2961 s
796 2908 841 2955 est·
853 2909 911 2955 Ideo
922 2908 1042 2956 Dominus
1052 2907 1090 2954 ait
1100 2909 1236 2967 titedius,
1247 2907 1327 2968 idest,

179 3008 182 3015 ·
241 2993 290 3028 aon
306 2981 374 3028 abibo
392 2980 458 3028 iiber.
480 2979 562 3043 Quod,
573 2993 623 3028 non
640 2982 720 3028 solum
740 2981 771 3028 ad
795 2988 838 3023 vos
856 2977 967 3036 reddite,
979 2977 1024 3036 qui
1039 2975 1177 3036 protulistis
1192 2976 1327 3037 imaginem

242 3052 386 3110 Dominum,
404 3049 448 3097 sed
462 3050 579 3097 etiamad
595 3050 648 3108 ejus
665 3051 771 3099 retertur
795 3044 907 3103 Caesfflssa
919 3045 984 3104 apud
995 3056 1056 3103 <lll⁰³
1065 3043 1196 3103 invenitur
1209 3057 1328 3106 181011·

242 3117 423 3177 infirmitatem,
434 3118 477 3177 qui
489 3130 515 3164 se
523 3119 659 3176 subjecerit
669 3121 770 3179 mundo,
795 3111 1327 3172 1611111111ἰί(11111001111111Ν111111ὓ1111111111

241 3185 308 3244 quod
328 3186 415 3245 diligat
436 3185 570 3244 mundum,
596 3188 637 3233 vel
659 3187 770 3235 mentem
795 3181 988 3228 mundihabeo:
1003 3183 1072 3230 Venit
1090 3181 1238 3241 enimlmiur
1250 3183 1329 3230 mendi

242 3265 324 3312 suam,
336 3253 363 3301 id
372 3254 425 3312 est,
436 3250 494 3312 νοῦν,
506 3253 581 3312 hujus
590 3255 716 3302 auctorem
727 3268 770 3302 vo-
793 3252 913 3310 princepe,
932 3254 954 3298 et
968 3252 994 3297 in
1009 3264 1046 3298 mc
1061 3252 1162 3299 iovmlet
1179 3251 1255 3324 nibet·
1264 3251 1328 3299 Nihil

243 3322 352 3369 luntatis.
367 3324 416 3369 Nec
427 3321 511 3370 solum
535 3323 566 3369 ad
586 3336 704 3382 uxorem,
726 3326 770 3372 sed
795 3319 870 3367 debet
878 3321 980 3380 Petrus,
992 3320 1057 3367 nihil
1073 3319 1179 3380 apostoli
1194 3321 1264 3380 mei;
1274 3320 1328 3381 qnia

242 3389 317 3436 etiam
331 3389 363 3436 ad
378 3389 567 3438 delectationem
581 3391 703 3451 retertur,
713 3406 770 3452 quae
795 3400 843 3434 non
858 3389 916 3437 sunt
933 3389 964 3437 de
983 3390 1029 3436 hoc
1040 3389 1148 3448 mundo,
1168 3389 1221 3437 etsi
1239 3389 1267 3436 in
1282 3389 1325 3436 hoc

242 3456 469 3516 domesticam,non
479 3457 547 3504 illam
559 3461 675 3506 aternam
685 3472 770 3507 euram
795 3458 885 3504 mundo
894 3459 1014 3516 suntllgo
1025 3457 1081 3504 misi
1091 3470 1134 3504 eos
1143 3456 1170 3504 in
1177 3457 1250 3505 hunc
1258 3468 1326 3505 mun·

241 3524 352 3584 suscipit.
361 3525 424 3572 llulc
440 3535 498 3584 ergo
509 3524 539 3570 ed
553 3523 630 3573 limen
642 3528 668 3573 et
678 3527 769 3573 ostium
795 3527 853 3573 dnm
866 3527 925 3574 :sed
934 3527 985 3584 jam
993 3538 1042 3574 non
1054 3526 1154 3575 suntde
1164 3525 1326 3584 boemundo,

242 3606 314 3640 suurn
323 3593 438 3640 dominus
452 3602 511 3640 suus
526 3603 612 3641 aurem
626 3595 768 3655 pertundit3
795 3595 853 3655 quia
863 3608 961 3643 mecum
969 3597 1025 3643 sunt
1035 3608 1108 3656 supra
1118 3594 1253 3642 mundum.

242 3664 270 3710 ut
280 3661 421 3709 meminerit
438 3661 556 3710 sermonis
566 3663 618 3723 sni,
628 3676 678 3725 quo
690 3663 771 3711 servi·
825 3663 864 3710 is.
876 3664 937 3722 Ergo
944 3657 1014 3723 'quod
1023 3662 1116 3720 divipae
1128 3661 1192 3721 legis
1203 3662 1258 3723 est,
1266 3659 1325 3710 solvi

242 3731 319 3779 tutem
331 3730 413 3790 elegit.
558 3744 561 3749 ¹
793 3729 907 3790 iubetur,
920 3743 969 3778 non
983 3729 1049 3789 quod
1061 3728 1171 3777 esuris
1179 3728 1233 3778 Sed
1247 3731 1326 3778 umen

272 3800 312 3846 lt.
321 3799 352 3845 ut
361 3797 453 3846 ideotu
461 3830 468 3857 ,
476 3799 625 3859 christiane,
636 3799 769 3848 istnmnon
795 3801 821 3846 et
831 3800 911 3860 ipsum
926 3797 1066 3860 perfectus,
1079 3797 1106 3845 id
1120 3797 1327 3858 est,prmdicater

242 3868 360 3928 imiteris,
370 3868 430 3927 qnia
440 3868 487 3915 tibi
497 3869 770 3929 scriptumest,uonnt
794 3867 927 3928 Evangelii
938 3867 989 3925 jam
1003 3878 1052 3914 non
1068 3866 1193 3925 debebat,
1210 3866 1256 3926 qul
1273 3865 1327 3927 plus

241 3937 377 3986 didrachmi
386 3935 557 3995 dimidinm‚si
567 3937 651 3983 tanmn
662 3938 700 3984 vis
710 3948 770 3996 per·
795 3936 952 3994 praedicabat.
970 3936 1023 3983 Non
1042 3935 1254 3991 deueherentur
1268 3934 1326 3992 liei,

241 4007 321 4056 tectus
327 4018 396 4066 esse,
405 4006 455 4053 Deo
465 4004 556 4052 otieras
571 4018 578 4051 ι
591 4005 633 4052 sed
646 4006 676 4053 ut
688 4005 769 4053 omnia
794 4016 845 4051 non
855 4004 961 4052 debehat
971 4005 997 4052 et
1007 4005 1095 4053 Petrus
1105 4003 1132 4051 ln
1143 4003 1327 4064 adoptionem

243 4075 286 4123 tua
301 4076 406 4137 vendas,
417 4074 444 4123 et
452 4073 498 4123 des
514 4073 671 4136 pauperibus.
681 4075 730 4122 Nec
741 4074 770 4123 nt
794 4074 865 4122 Patre
872 4073 978 4121 adscitus
988 4085 1033 4135 per
1040 4073 1212 4134 gratiarnssed
1222 4084 1326 4123 osseos·
