2760 4800
471 414 721 462 arrsrounnuu
736 417 876 464 cnissis
892 420 925 464 tr.
1184 413 1229 469 tit

152 495 223 546 obice
235 492 375 556 illudebat,
393 491 458 544 inter
473 510 500 545 se
513 499 681 546 convenirent.
708 499 841 548 inanitate
858 502 916 548 fidei
928 501 953 550 ei
964 501 1093 562 agnitionis
1103 507 1230 565 occurrat,

153 564 213 610 Nam
228 577 284 611 curn
299 564 373 624 hujus
388 566 475 612 natura
491 566 574 613 carnis
585 567 646 613 iram
658 567 683 614 et
708 568 733 614 et
754 570 824 628 quasi
845 571 983 617 membrum
1005 583 1054 618 non
1076 571 1139 619 desit
1160 573 1235 632 capiti

105 693 110 698 ¹
153 631 286 680 discordias
296 645 324 680 ac
335 633 500 681 dissensiones
511 635 681 693 excitavisset,
708 647 770 695 suo,
787 637 812 684 id
824 637 862 684 est
873 638 981 699 Christo,
995 639 1037 699 qui
1053 641 1090 687 est
1100 641 1174 699 caput
1184 653 1238 687 om-

118 724 124 733 ·
153 700 204 748 box
214 713 257 748 nos
269 702 438 751 damnatorum
455 698 585 750 neauissct
595 704 682 751 rincu-
708 703 792 762 nium,
804 717 836 752 ex
845 718 893 766 quo
902 708 981 754 totum
993 720 1081 768 corpus
1091 708 1201 756 fidelium
1212 711 1238 757 et

153 769 199 828 lis,
218 771 326 818 Christus
346 773 416 818 iesus
432 771 589 819 insolentiam
608 773 681 831 atque
706 772 854 831 sapientium
871 786 916 833 per
932 775 1084 823 harmoniam
1103 777 1237 824 rationabi-

152 838 368 898 intemperautiam
389 840 468 886 carnis
492 839 680 887 mortificatione
706 839 755 886 lem
769 839 858 900 Verbi,
873 842 920 889 boc
936 843 973 888 est
986 845 1057 897 enimv
1067 841 1236 910 συναρμολογου-

152 905 308 968 compressit,
318 909 400 966 legem
411 908 581 955 mandatorum
595 908 622 955 iu
637 910 681 956 de·
705 922 777 966 μενον,
789 905 929 969 &praesideri
940 910 1010 965 Λογου
1019 907 1139 971 δεδεμενον,
1151 913 1236 972 idest,

151 976 412 1035 cretisevacuarit,in
419 976 509 1035 quibus
519 976 626 1023 ostendit
633 988 681 1023 non
706 977 831 1025 harmonia
840 979 916 1026 Verbi
925 980 1122 1039 compaginatum
1134 984 1160 1028 et
1170 994 1236 1028 com·

133 1044 286 1091 <secundum
298 1043 406 1089 litteram
425 1042 608 1102 interpretanda
620 1045 681 1103 legis
707 1047 804 1103 pactum
823 1048 895 1108 atque
913 1060 1067 1106 connexum,
1082 1060 1235 1109 peromnem

150 1111 680 1172 spiritalisdogmata30umetsabbatiignava
703 1114 842 1171 juncturam
851 1117 1235 1174 ministrationis,inmensorum

150 1181 214 1240 otia,
229 1182 254 1228 et
265 1181 397 1239 corporalis
407 1180 531 1239 superflua
541 1181 680 1228 destrueret
705 1183 898 1244 uniuscuiusque
915 1185 992 1243 partis
1007 1185 1164 1242 augmentum
1181 1197 1236 1231 corr·

148 1248 679 1308 'circumcisionismtqueomnibusaccessum
704 1252 769 1309 poris
778 1251 849 1312 iacit,
861 1253 888 1299 in
898 1252 1085 1298 aedificationem
1096 1251 1133 1298 sui
1141 1285 1149 1312 ,
1158 1253 1184 1298 iu
1196 1264 1235 1298 ca-

150 1316 181 1362 ad
187 1318 283 1364 Patrem
294 1317 320 1363 in
328 1329 377 1363 uno
385 1318 506 1364 reseraret
515 1317 679 1376 spirituQuo·
704 1320 792 1379 ritate3
805 1322 833 1368 ut
843 1321 957 1378 adsurgat
968 1332 1043 1366 unum
1055 1321 1176 1378 templum
1184 1318 1235 1365 Dei

149 1385 222 1430 modo
240 1385 307 1431 enim
320 1385 402 1444 potest
416 1384 539 1431 discordia
550 1397 617 1443 esse,
635 1385 679 1430 ubi
704 1387 730 1432 in
741 1389 868 1448 omnibus,
877 1391 987 1436 ctunurn
996 1388 1116 1435 domicilii
1126 1386 1235 1434 coelestis

107 1447 111 1459 ’
149 1464 199 1499 una
219 1453 333 1522 vocatio,
352 1464 430 1501 unum
449 1464 551 1513 corpus,
570 1453 595 1500 ct
615 1466 680 1500 unus
705 1456 906 1506 habitaculnmin
917 1458 1006 1517 spiritu
1017 1455 1203 1504 universorum?

149 1519 250 1580 spiritus
259 1521 313 1569 esi?
734 1526 772 1573 is.
784 1529 812 1573 ln
825 1540 874 1587 quo
884 1538 934 1573 nou
949 1526 1027 1573 solum
1039 1525 1177 1573 sanctorum
1188 1524 1233 1571 ho-

179 1589 218 1636 10.
230 1589 294 1648 Quid
304 1590 371 1636 enim
382 1590 450 1637 aliud
459 1589 610 1637 descendens
621 1601 679 1649 ope·
703 1593 812 1653 minum,
824 1595 867 1642 sed
878 1594 988 1642 omnium
999 1593 1168 1650 credentium,
1180 1605 1234 1640 om·

149 1657 216 1704 ratus
223 1659 261 1705 est
268 1657 533 1716 Dominuslesus,nisl
542 1661 570 1705 ut
580 1658 611 1705 de
620 1670 678 1717 cap-
704 1661 773 1708 nium
785 1664 859 1710 etiam
875 1663 1030 1722 superiorum
1047 1662 1233 1709 rationabilium

149 1725 246 1773 unitate
264 1737 309 1773 nos
327 1726 354 1773 in
369 1725 510 1772 libertatern
526 1726 677 1783 vindicaret,
703 1729 826 1779 Virtutum
838 1743 866 1778 ac
877 1730 1233 1789 Potestatnm,counexionem

149 1797 175 1843 et
186 1796 254 1842 illam
264 1796 433 1855 captivitatem
445 1794 554 1841 vinctam
569 1794 678 1854 perfidiae
702 1795 760 1842 srdei
772 1798 919 1856 spiritusque
932 1797 1101 1856 accipiendam
1113 1797 1231 1855 arbilr0r;

149 1866 255 1913 vinculis
270 1865 317 1912 sibi
334 1865 458 1924 captivam
474 1863 580 1919 iaceret,
592 1863 679 1920 alliga·
702 1864 730 1909 ut
741 1875 785 1921 per
801 1864 954 1910 trutmoniam
964 1864 1095 1922 quamdam
1106 1865 1232 1911 virtutum

148 1935 199 1980 tam
220 1933 347 1992 sapientiae
369 1931 542 1990 compedibus,
563 1931 677 1977 mittente
702 1943 730 1977 ac
742 1928 1033 1991 ministeriorum'corpus
1044 1942 1120 1977 unum
1137 1943 1169 1977 ex
1181 1943 1234 1978 om·

148 2013 295 2061 unoquoque
303 2001 424 2059 prudente
433 1999 509 2058 pedes
516 2011 572 2046 suos
580 1999 607 2044 in
614 2011 678 2046 com·
702 1999 774 2046 uibus
786 1999 939 2047 rationabilis
950 2000 1043 2047 naturae
1051 1996 1179 2057 spiritibus
1189 1998 1234 2045 ad·

148 2070 225 2128 pedes
233 2070 301 2127 ejus,
312 2069 376 2116 sicut
386 2068 504 2126 scriptum
517 2069 572 2115 est:
586 2067 678 2114 etcum
702 2067 796 2114 haereat
811 2067 885 2126 capiti
901 2080 945 2116 suo
959 2067 1067 2126 Christo,
1078 2067 1112 2113 ila
1126 2067 1231 2114 aedillca-

147 2137 329 2195 descendisset,
341 2136 366 2183 et
377 2135 586 2192 adscenderet,ut
596 2135 677 2194 imple·
703 2135 775 2181 tionis
796 2148 911 2195 compage
928 2147 1053 2193 connexa,
1072 2135 1100 2181 ut
1115 2146 1148 2193 ne
1163 2136 1230 2181 tactu

146 2208 184 2252 ret
194 2207 287 2264 omniu,
300 2204 324 2252 et
334 2217 378 2252 nos
389 2215 473 2251 omues
480 2203 512 2250 de
522 2203 677 2262 plenitudiue
702 2201 802 2261 quidem
810 2204 926 2261 junctura
937 2203 1088 2262 singulorum
1105 2202 1232 2249 adbaeren·

147 2272 204 2332 eius
209 2271 396 2333 acciperemus?
702 2271 764 2318 tium
773 2272 911 2332 discrepare
920 2273 1043 2319 videatur.
1056 2271 1107 2317 lloc
1117 2272 1154 2317 est
1164 2269 1232 2317 enirn

180 2343 220 2388 ll.
232 2341 338 2400 ideoque
348 2340 455 2401 primum
465 2340 572 2400 repletos
582 2339 677 2400 Spiritu
701 2340 763 2398 quod
774 2337 1064 2400 &paudixitGraecusssm
1073 2352 1177 2398 χορηγιας
1184 2337 1232 2380 κατ’

147 2408 317 2469 sanctoposuit
326 2409 352 2456 in
361 2408 612 2469 Ecclesia-apostolos,
621 2420 677 2468 pro·
701 2422 798 2467 ενεργειαν
808 2425 827 2452 εν
839 2407 910 2469 μετρὼ
920 2407 1000 2468 ,quod
1013 2418 1061 2454 nou
1075 2406 1176 2453 difficile
1186 2405 1234 2452 crit

147 2479 235 2538 phetas
254 2480 329 2536 alios,
347 2479 408 2525 alios
424 2479 600 2538 evangelistas,
617 2479 677 2526 alios
703 2478 770 2524 tanto
786 2477 921 2524 architecto
939 2475 1072 2523 secuudum
1089 2485 1230 2520 mensuram

147 2549 230 2595 autem
247 2548 356 2609 pastores
374 2547 400 2594 et
411 2547 536 2607 doctores,
552 2549 676 2595 uteorum
702 2545 893 2603 uniuscujusque
906 2545 1051 2591 meritorum
1065 2554 1093 2589 ac
1102 2541 1159 2588 fidei
1173 2553 1230 2588 cou-

147 2616 358 2664 adhortationibus
364 2615 574 2663 consummaretur
582 2614 677 2672 proiec-
702 2612 844 2658 venientem
855 2611 903 2658 sibi
915 2612 1075 2667 connectere3
1088 2622 1144 2656 cum
1156 2608 1231 2656 redili-

146 2685 188 2732 tus
206 2685 378 2744 credentium,
401 2684 427 2731 et
446 2682 578 2729 ministerii
597 2682 677 2729 tidelis
702 2680 766 2725 catio
778 2680 885 2726 caritatis
896 2678 1133 2724 rimamolicnsionis
1144 2678 1231 2723 exclu-

146 2765 208 2812 opus
219 2754 349 2801 cresceret.
358 2752 498 2800 AEdificatur
507 2750 676 2810 uuusquisque
702 2747 757 2803 dat,
770 2748 844 2805 atque
855 2745 972 2792 obstruat.
981 2746 1034 2791 Non
1045 2746 1083 2790 est
1091 2756 1149 2804 ergo
1158 2743 1231 2789 dubl-

147 2822 311 2870 acdillcatione
339 2822 461 2869 virtutum
487 2820 514 2866 in
537 2830 677 2865 mensuram
703 2811 1230 2871 tandumcoeiestiumpotestatemadbaesura

146 2891 226 2938 aetatis
237 2890 372 2948 interioris,
389 2902 443 2949 quae
455 2899 568 2935 mensura
580 2886 677 2946 periec-
702 2884 782 2930 adhoc
790 2883 910 2942 ternplum
919 2878 1232 2936 aediticandumconsortia3

145 2959 196 3006 lior
207 2959 263 3007 ritae
281 2958 459 3015 immaculatae,
472 2955 555 3012 idest,
572 2954 676 3014 perlecti
702 2952 863 3009 incongruum
881 2950 974 3009 quippe
991 2947 1099 3006 intelligi
1116 2946 1180 3005 quod
1196 2945 1231 2992 ita

146 3027 209 3086 viri,
221 3027 347 3087 accipiens
365 3027 396 3073 de
416 3024 571 3084 plenitudino
586 3024 676 3071 Cliristi
701 3021 815 3079 adsurgat
827 3020 939 3066 bumauae
951 3015 1058 3064 caritatis
1067 3014 1196 3062 aedisrcatio
1206 3013 1232 3059 in

146 3096 243 3155 recepit
253 3096 335 3155 gratiae
347 3095 537 3154 plenitudinem.
701 3089 821 3148 templum
831 3087 893 3146 Dei,
903 3088 930 3133 ut
941 3085 983 3132 nat
994 3086 1020 3131 in
1031 3083 1102 3130 nobis
1111 3080 1232 3129 habitatio
1301 3131 1303 3139 ,

178 3163 217 3210 42.
226 3164 285 3222 Quis
294 3164 376 3210 autern
385 3163 423 3210 vir
434 3162 560 3221 perlectus
568 3160 619 3221 est,
628 3161 675 3208 uisi
703 3157 747 3203 Dei
760 3157 785 3203 in
795 3156 897 3216 spiritu,
908 3167 958 3201 nou
969 3153 1097 3201 sitantum
1108 3149 1134 3197 iu
1143 3150 1232 3197 coelcs·

109 3251 115 3257 ·
145 3231 191 3280 ille
207 3233 250 3292 qui
262 3231 386 3279 absolutus
405 3229 511 3276 infantia
521 3230 626 3288 puerilis
638 3229 676 3276 ln·
700 3227 767 3273 tibus
776 3225 950 3273 potestatibus.

145 3301 227 3359 genii,
248 3301 321 3363 atquc
340 3299 516 3346 adolescentiae
534 3298 629 3345 incerto
648 3310 676 3344 ac
696 3338 698 3342 .
731 3293 769 3341 it.
785 3295 860 3352 cuius
872 3293 908 3340 rei
919 3292 1012 3350 gratia,
1030 3292 1058 3338 ut
1075 3284 1232 3336 maturiusin

145 3369 254 3426 lubrico,
266 3369 292 3415 et
306 3368 466 3414 immoderato
480 3366 618 3425 iuventutis
630 3379 672 3412 ca·
701 3363 771 3411 uobis
782 3361 911 3422 aedificatio
922 3357 1062 3419 hujusmodi
1071 3353 1231 3416 procederet,

145 3437 212 3494 lore,
224 3436 307 3484 inriri
317 3435 422 3496 perlecti
431 3435 569 3481 firmitatem
579 3446 677 3481 succes-
701 3431 813 3479 hortatur
827 3442 871 3477 uos
888 3428 1018 3488 Apostolus
1035 3423 1132 3483 aperire
1150 3421 1233 3468 oculos

146 3505 220 3563 serit,
231 3505 304 3564 atque
316 3504 346 3550 ad
362 3503 429 3549 illam
440 3513 537 3547 morum
549 3501 677 3549 maturita·
702 3501 796 3557 cordis,
812 3499 911 3547 elevare
930 3495 961 3543 ad
974 3493 1117 3554 superiora,
1129 3489 1233 3548 agnitio·

142 3568 677 3631 'temadoleverit3utnoniaciledeviidis·
702 3581 760 3614 nem
770 3568 944 3623 Deiimpense
960 3573 1088 3622 quarere,
1102 3558 1232 3631 veritatem
1269 3606 1274 3615 ,

133 3640 267 3701 ‘putatoris
287 3639 393 3700 alloquio
413 3637 544 3695 flectatur,
564 3634 590 3681 et
604 3635 676 3692 ,quasi
702 3636 842 3693 discutere,
863 3630 1012 3678 abscondere
1029 3629 1055 3674 in
1074 3627 1147 3674 cordo
1166 3638 1234 3702 man·

143 3710 251 3769 quadam
271 3710 387 3756 doctrinae
404 3703 581 3753 irrationabilis
596 3703 678 3750 turbi-
703 3703 759 3749 data
777 3701 840 3758 Dei,
854 3699 978 3757 deponere
991 3696 1082 3743 erroris
1092 3693 1230 3770 desideria,

146 3778 215 3826 dioro
227 3778 253 3823 in
264 3777 375 3837 scopulos
384 3775 493 3835 iactetur
512 3772 635 3834 procella,
647 3771 678 3818 ad
703 3768 830 3818 dedecoris
838 3764 1069 3823 occulta,renovari
1076 3776 1121 3823 per
1129 3760 1232 3820 gratiam

145 3845 237 3894 erroris
256 3845 367 3895 remedia
384 3857 410 3892 se
430 3843 578 3891 conterens:
592 3842 617 3889 et
634 3841 677 3902 qui
702 3836 1064 3895 sacramentorum,temperare
1071 3828 1233 3908 iracundiam,

144 3914 278 3962 ueritatem
292 3925 343 3961 non
356 3912 436 3960 solum
452 3910 479 3957 in
494 3921 623 3967 sermone,
634 3909 678 3956 sed
703 3907 893 3956 commotionem
904 3905 960 3952 ante
974 3913 1087 3952 occasum
1103 3898 1160 3945 solis
1171 3897 1235 3943 rela-

147 3981 257 4030 etiamin
265 3979 380 4041 operibus
388 3979 504 4039 sequatur
512 3977 564 4024 suis
572 4010 580 4037 ,
589 3977 679 4025 etaedi·
703 3976 778 4036 aare,
790 3986 877 4022 cavere
893 3985 926 4021 ne
939 3970 1064 4032 superiora
1075 3968 1118 4014 tua
1129 3966 1234 4024 occupet

146 4048 291 4099 ficationem
302 4046 410 4096 caritatis
421 4047 448 4093 in
467 4058 493 4094 se
509 4045 638 4105 suscipiam
650 4046 679 4093 ut
705 4042 872 4099 adversarius,
883 4037 983 4100 spiritus
995 4037 1036 4084 illo
1045 4035 1137 4082 liabens
1150 4033 1235 4093 potes·
