2746 4800
144 386 189 433 558
537 383 656 430 saecul
676 383 836 430 lmunosll

141 469 235 514 cionem
247 466 391 525 proditionis
402 466 516 513 venerint
523 498 531 523 ‚
543 465 630 511 laedam
641 464 666 511 in
693 466 879 526 returinridia,
890 467 911 514 si
922 479 994 514 norno
1002 468 1099 516 diceret
1116 470 1163 516 Dei
1174 482 1225 518 nos·

140 536 258 595 periculo.
693 533 725 579 tri
736 534 962 582 reconciliationem
981 535 1034 584 iore
1050 540 1224 587 necessariam.

171 602 263 660 5.Quid
273 602 459 662 igituriacerem
466 602 476 648 i
483 603 533 648 Non
542 602 668 650 audirem?
724 604 746 648 7.
757 605 875 663 dispudet
884 605 923 664 te,
933 606 1083 666 imperator,
1092 607 1140 655 lroc
1147 608 1225 656 iacere

141 670 189 717 Sed
210 682 280 717 aures
299 683 347 715 uon
368 682 463 728 possem
481 683 536 716 cera
555 674 667 718 veterum
692 673 757 730 quod
776 686 822 720 rex
837 674 970 733 pmpheta,
988 675 1074 722 auctor
1089 677 1180 724 Christi
1190 692 1226 725 se·

141 737 279 784 iabulamm
302 737 425 784 claudere.
446 738 598 784 Proderemi
619 739 667 785 Sed
693 739 908 789 cundumcaruem
918 743 1052 803 pmsapiae‚
1064 743 1127 791 iecit
1137 745 1227 793 Daridi

140 806 204 865 quod
223 806 247 850 in
265 806 313 852 tuis
327 805 401 863 jussis
419 807 547 864 timerem‚
564 806 590 852 in
606 805 668 853 meis
694 808 732 853 llli
744 809 838 856 dictum
849 811 900 870 ost,
911 811 969 870 quia
979 811 1051 859 dives
1066 813 1113 872 qui
1125 813 1236 865 haberet,

141 872 347 921 verbisdclrercm
359 886 446 921 carere
456 886 463 932 3
474 886 504 920 ne
514 875 573 933 quid
581 887 669 923 cruen·
694 875 813 932 plurimos
823 889 927 935 greges,
938 884 1013 924 unam
1024 878 1144 938 pauperis
1156 893 1224 928 orem

139 945 192 990 tum
226 943 429 991 committeretur.
455 944 594 992 Tacerem?
621 945 668 992 Sed
693 944 794 1003 propter
815 944 951 992 adventum
969 945 1074 1006 hospitis
1093 946 1186 1007 eripuit
1200 950 1224 995 et

140 1011 206 1071 quod
219 1012 384 1059 miserrimum
400 1013 463 1059 toret
477 1013 602 1072 omnium,
613 1014 669 1060 alli·
693 1012 797 1071 occidit3
808 1014 834 1060 et
843 1013 938 1073 cognito
949 1015 1014 1073 quod
1026 1016 1053 1062 in
1063 1015 1113 1063 hoo
1123 1017 1176 1076 ipse
1186 1030 1223 1064 ar·

140 1080 238 1138 geretur
249 1079 411 1141 couscientia,
423 1094 472 1128 vox
483 1082 628 1140 eriperetur.
640 1081 669 1128 lit
694 1080 824 1139 sacretur,
834 1081 892 1140 quia
906 1081 959 1140 ipso
975 1081 1092 1143 iecisset,
1103 1084 1139 1131 ait
1151 1097 1158 1130 a
1168 1088 1224 1133 Pec-

141 1147 184 1194 ubi
202 1148 278 1196 illud?
293 1149 341 1195 Sed
356 1148 377 1195 si
395 1150 507 1196 sacerdos
517 1161 566 1195 non
576 1149 669 1198 dixerit
694 1149 1222 1212 cavincmimdlolierssoimpaticnierlerre,

141 1217 248 1276 erramti,
266 1217 340 1277 isqui
356 1219 490 1275 erraverit,
506 1218 532 1264 in
543 1230 586 1264 sua
597 1220 669 1278 culpa
694 1216 840 1276 Imperator,
859 1217 880 1263 si
897 1217 992 1264 dicatur
1006 1219 1074 1265 tibia
1090 1221 1130 1266 'l'u
1146 1220 1222 1268 iecisti

142 1287 272 1346 morietur,
284 1288 310 1334 et
320 1287 430 1334 sacerdos
446 1299 502 1333 reus
519 1286 567 1334 erit
576 1298 668 1346 poeuae,
694 1286 773 1345 istud,
791 1286 856 1346 quod
874 1287 952 1333 David
970 1288 1023 1349 regi
1042 1288 1139 1337 dictum
1158 1293 1221 1338 esta

142 1354 200 1413 quia
211 1367 258 1402 non
271 1355 398 1402 admonuit
408 1356 540 1402 errantem.
694 1355 823 1413 propheta.
832 1353 858 1400 Si
869 1355 934 1401 enim
943 1355 989 1402 hoc
998 1356 1086 1403 sedulo
1100 1359 1220 1418 audieris,

171 1420 195 1469 t.
215 1424 303 1483 decipe
320 1423 396 1482 illud,
415 1423 548 1482 imperator
558 1424 668 1483 auguste.
695 1422 720 1469 et
739 1423 832 1469 dixeris
844 1435 851 1467 τ
862 1425 959 1471 Peccari
968 1427 1072 1473 Domino
1079 1441 1088 1486 ς
1101 1427 1122 1472 si
1134 1427 1222 1476 dixeris

142 1491 210 1551 Quod
218 1492 373 1538 habeasddei
382 1491 504 1550 studium,
513 1503 562 1538 non
571 1504 671 1551 possum
695 1494 776 1552 regala
789 1492 854 1539 istud
869 1493 1041 1552 propheticum
1052 1508 1059 1541 a
1072 1497 1156 1544 Venite
1169 1501 1221 1545 odo·

142 1572 245 1620 negare3
258 1560 322 1619 quod
338 1560 384 1605 Dei
401 1560 528 1618 timorem,
547 1573 595 1607 non
607 1560 670 1607 diiii·
694 1575 788 1618 remus,
803 1565 825 1609 et
835 1563 983 1622 procidamus
993 1567 1048 1610 aule
1058 1579 1130 1626 canu
1141 1569 1162 1613 ct
1176 1569 1222 1626 plo·

50 1671 57 1681 ‚
142 1629 210 1675 teor:
222 1628 265 1675 sed
273 1628 348 1674 lrabes
356 1628 449 1674 naturae
456 1628 586 1687 impetum,
596 1641 670 1688 quem
694 1643 772 1678 remus
783 1633 837 1678 onie
847 1633 976 1679 Dominum
984 1636 1094 1680 uestrum
1105 1637 1165 1694 ¹‚pari
1174 1636 1224 1695 {ecit

142 1698 163 1742 si
174 1695 400 1756 qnislcnirevelit‚
410 1695 458 1742 cito
466 1697 548 1744 vertes
556 1697 585 1743 ad
597 1698 670 1744 mise·
695 1710 751 1759 nos3
762 1698 859 1745 dicetur
875 1699 901 1746 et
911 1699 957 1747 tihi
969 1702 1111 1758 :Quoniam
1124 1704 1223 1763 poenitct

141 1765 272 1812 ricordiam
291 1777 298 1810 a
315 1763 336 1811 si
346 1763 402 1823 quis
412 1763 538 1822 stimulet,
554 1766 580 1811 in
592 1766 671 1823 majus
695 1765 734 1825 te,
759 1766 862 1814 dimittit
882 1767 929 1814 tibi
953 1769 1073 1817 Dominus
1094 1771 1221 1830 peccatum

142 1835 394 1893 exsuscitas‚uteum
402 1845 518 1880 revocare
529 1835 573 1881 vix
583 1835 669 1894 possis.
695 1835 782 1892 tuum,
794 1835 876 1882 einen
886 1836 1008 1884 morieris.

141 1904 242 1950 Utinam
253 1903 354 1950 sinemo
364 1901 460 1961 mitigat
470 1935 477 1960 ‚
487 1903 572 1950 nullus
582 1914 671 1951 accen·
725 1901 749 1948 8.
761 1902 853 1948 lterum
864 1915 922 1950 cum
933 1904 1033 1964 plebem
1042 1909 1168 1955 numerari
1175 1908 1224 1966 ius·

143 1972 196 2020 dati
208 1974 324 2020 Libenter
334 1984 390 2019 eum
402 1972 528 2019 committo
540 1972 584 2018 tibi
598 1986 605 2017 r
617 1973 669 2031 ipso
696 1969 767 2017 sisset
782 1970 875 2029 David,
894 1983 1024 2031 percussus
1041 1976 1079 2021 est
1099 1978 1186 2036 corde,
1200 1977 1224 2024 et

142 2041 168 2089 te
178 2055 291 2102 revocas,
302 2043 328 2089 et
336 2040 436 2102 pietatis
446 2040 526 2088 studio
537 2041 616 2104 rlucis
623 2041 671 2087 im·
696 2039 760 2086 dixit
768 2039 799 2086 ad
810 2039 956 2087 Dominum:
967 2043 1065 2089 Perconi
1072 2045 1223 2103 veliementer,

142 2111 227 2170 petum
238 2112 340 2158 naturae.
696 2109 756 2167 quod
765 2108 859 2167 fecerim
869 2107 911 2154 hoc
922 2109 1017 2155 verbum
1023 2141 1032 2166 ,
1044 2113 1066 2157 ct
1085 2125 1150 2160 nune
1155 2147 1164 2171 ,
1177 2117 1223 2162 Do-

172 2181 196 2227 o.
206 2178 452 2239 lluncegoimpetnm
460 2178 670 2240 maluicogitatio·
696 2179 770 2234 minc,
791 2177 1014 2237 auferiuipuilatem
1031 2183 1094 2228 serni
1109 2184 1158 2240 tat,
1168 2185 1223 2244 perid

142 2247 215 2295 nibus
233 2248 281 2294 tuis
302 2249 395 2294 secreto
412 2249 583 2307 committere,
597 2260 670 2308 quam
695 2248 780 2306 deliqui
789 2246 941 2294 vehementer.
951 2246 981 2293 Et
988 2246 1077 2294 missus
1087 2251 1127 2298 est
1137 2251 1222 2298 iterum

143 2319 206 2364 meis
224 2317 294 2364 iactis
313 2316 412 2375 publice
431 2316 540 2363 fortassis
560 2328 669 2363 morere.
695 2315 727 2362 ad
736 2328 793 2362 eum
808 2316 902 2363 Nathan
910 2315 1045 2375 propheta,
1061 2319 1106 2377 qui
1117 2320 1142 2366 ei
1152 2321 1222 2367 trium

143 2387 226 2445 ltaque
235 2386 311 2432 malui
319 2385 398 2432 officio
407 2399 462 2432 meo
470 2386 564 2444 aliquid
572 2385 669 2444 deesse,
696 2384 819 2442 optionem
827 2383 993 2430 conditionum
1001 2385 1222 2448 offerret,utquam
1283 2379 1287 2385 ⁴

142 2458 216 2512 quam
226 2452 361 2500 humilitati
373 2465 379 2496 :
393 2453 418 2499 et
428 2453 523 2511 requiri
540 2453 568 2500 in
584 2465 624 2500 me
640 2455 670 2500 ah
696 2452 786 2511 vellet,
798 2452 915 2511 eligeret:
928 2451 1019 2499 tamem
1028 2453 1111 2502 trihus
1122 2457 1191 2503 aunis
1200 2457 1223 2502 in

142 2521 198 2567 aliis
205 2520 337 2566 sacerdotis
346 2520 532 2580 auctoritatem,
541 2534 614 2580 quam
622 2534 636 2568 a
644 2522 670 2569 te
696 2521 774 2580 terra,
786 2523 829 2569 aut
837 2522 917 2569 tribus
927 2521 1055 2569 mensibus
1066 2523 1153 2583 lugere
1163 2538 1177 2572 a
1187 2525 1221 2572 ia-

111 2645 113 2649 ·
142 2587 275 2647 desiderari
288 2588 313 2633 in
324 2599 364 2633 me
375 2587 541 2635 amantissime
552 2583 670 2636 honorili-
696 2589 734 2636 oie
754 2589 910 2636 inimicorum
936 2602 1051 2650 suorum,
1072 2591 1119 2638 aut
1146 2593 1222 2640 triduo

143 2657 264 2716 centiam3
278 2657 307 2703 ut
320 2668 432 2716 represso
447 2657 557 2717 impetu,
576 2659 670 2719 integra
695 2661 799 2705 mortem
813 2659 839 2704 in
854 2660 929 2706 terra.
945 2660 975 2704 Et
988 2660 1118 2718 respondit
1129 2661 1221 2709 David:

7 2749 11 2756 ·
59 2756 63 2773 ,
143 2723 670 2786 essetconsiliieligendiiacultas.Praetendi
696 2726 813 2787 Aequalioe
831 2728 944 2775 suuttria
958 2727 1220 2789 decorissimum-ae-

143 2794 315 2855 aegritudinem
333 2794 441 2855 corporis
451 2807 478 2842 re
489 2808 548 2842 vera
557 2807 670 2855 gravem,
695 2797 828 2842 rumtamcn
852 2795 955 2842 incidam
975 2796 1001 2842 ia
1020 2808 1096 2842 muna
1115 2799 1221 2854 Domini5

143 2864 169 2911 et
180 2864 229 2911 nisi
237 2865 316 2912 ariris
324 2863 515 2912 mitioribusvix
523 2865 669 2912 levandam:
695 2867 806 2923 quonium
818 2864 898 2910 multu
907 2865 1070 2911 misericordior
1079 2865 1221 2924 ejusnimis:

142 2934 182 2979 rel
194 2933 271 2980 emori
281 2935 364 2980 tamen
374 2933 533 2990 maluissem,
545 2945 619 2992 quam
629 2932 672 2980 ad·
695 2937 718 2980 et
728 2935 753 2979 iu
760 2946 845 2980 mortus
855 2933 956 2979 hominis
969 2944 1018 2978 noa
1029 2934 1141 2980 incidam.
1152 2934 1221 2991 Culpa

143 3001 245 3048 rentum
265 3002 336 3049 tuum
356 3000 444 3058 biduo,
461 3001 504 3047 aut
523 3000 604 3047 triduo
621 3013 670 3048 non
696 3000 1222 3060 autemerat,quoniamroluitscirenume-

144 3071 321 3129 exspectarem.
340 3068 388 3117 Sed
407 3068 467 3129 quid
485 3068 605 3129 iacerem,
621 3081 670 3117 nou
695 3082 750 3116 rum
768 3069 843 3116 totius
864 3069 957 3127 plebis,
976 3081 1030 3127 quae
1051 3081 1138 3116 secum
1152 3070 1219 3117 erata

144 3143 204 3187 erat.
695 3137 760 3196 quod
773 3137 836 3185 scire
848 3138 899 3184 Deo
908 3137 952 3184 soli
964 3136 1194 3184 debuitreserrare.

173 3207 198 3255 6.
208 3206 307 3254 Factum
318 3205 354 3252 est
365 3205 389 3251 in
401 3203 462 3250 urbe
470 3204 671 3252 Thessalonicen·
725 3206 749 3253 9.
758 3205 960 3264 Etcum,inquit‚
968 3203 1113 3252 morsfieret
1121 3205 1220 3264 inplelre

143 3274 208 3339 sium
219 3275 284 3334 quod
294 3275 361 3321 nulla
372 3274 489 3320 memoria
499 3273 589 3331 lrabet,
604 3274 670 3332 quod
695 3273 748 3332 ipso
758 3275 836 3332 primo
848 3274 888 3320 dic
907 3274 936 3320 ad
952 3274 1038 3320 horam
1055 3273 1154 3332 prandii
1169 3285 1220 3320 cum

143 3354 258 3390 revocare
276 3355 326 3389 non
343 3343 427 3401 potul,
445 3354 477 3388 ne
494 3342 578 3400 ficrei3
596 3343 670 3387 immo
696 3341 799 3388 vidisset
817 3342 895 3389 David
911 3341 1094 3402 percutientem
1106 3343 1220 3400 Angelum

144 3410 209 3469 quod
219 3411 276 3456 ante
286 3408 465 3454 atrocissimum
477 3409 528 3454 iore
538 3408 605 3466 dixi,
614 3420 670 3454 cum
695 3409 721 3453 ln
731 3409 846 3469 plebem,
863 3411 898 3456 ait
913 3410 992 3456 David
1005 3423 1013 3455 :
1024 3411 1075 3470 Epo
1088 3413 1194 3470 mecum,
1202 3410 1221 3456 et

143 3476 216 3524 toties
224 3487 333 3534 rogarem
344 3487 351 3520 ε
363 3477 388 3520 et
396 3474 459 3533 quod
471 3475 523 3533 ipse
535 3486 589 3519 sero
599 3486 672 3522 revo·
695 3487 735 3533 epo
753 3479 835 3535 pastor
853 3479 984 3536 mallonum
1002 3477 1063 3535 feci,
1075 3479 1097 3524 ct
1116 3477 1153 3524 laic
1168 3489 1221 3536 pres

145 3543 220 3593 cando
228 3554 302 3601 grave
310 3543 401 3590 factum
409 3542 568 3602 putasti,h0c
579 3541 669 3590 iactum
695 3545 750 3602 quid
761 3544 829 3604 sccii?
844 3548 899 3592 Fiat
915 3559 1001 3593 manua
1018 3547 1060 3591 tuo
1070 3547 1095 3591 ira
1106 3559 1144 3592 me
1152 3578 1160 3602 ,
1169 3547 1190 3591 et
1199 3547 1221 3590 in

145 3613 279 3662 extenuare
298 3625 346 3660 non
361 3612 480 3672 poteram.
500 3611 601 3669 Quando
618 3612 671 3670 pri·
695 3613 788 3659 dorsum
803 3616 935 3673 polrismei.
951 3613 1163 3671 ltaquepoenituit
1177 3613 1221 3657 llo·

144 3694 211 3729 mum
228 3681 337 3728 auditum
353 3683 403 3741 est,
421 3682 521 3741 pmpter
536 3680 669 3730 adventum
695 3680 802 3738 minum,
818 3682 843 3727 et
861 3681 934 3739 jussit
952 3679 1044 3738 angelo
1064 3678 1092 3725 ut
1110 3679 1220 3739 parceret

144 3751 267 3797 Gallorum
279 3750 446 3810 episcoporum
459 3750 568 3810 Synodus
581 3763 670 3796 conve-
695 3749 762 3806 pleni
771 3747 1219 3807 ‚sacrificiumautemoiierretDavid3

145 3821 228 3879 nerat3
239 3830 310 3865 nemo
321 3829 370 3864 non
384 3817 516 3877 ingemuit,
528 3819 670 3865 nullusme-
695 3818 765 3863 crant
776 3817 840 3862 enim
853 3818 910 3863 lunc
926 3815 1044 3863 sacrificia
1057 3828 1100 3874 pro
1113 3816 1220 3872 delictis,

146 3889 262 3935 discriter
282 3886 456 3943 accepittnon
478 3887 531 3931 erat
553 3884 611 3931 iacti
633 3886 669 3932 tui
695 3885 748 3931 haec
765 3896 830 3930 nunc
847 3885 902 3930 saint
923 3878 1039 3930 sacriticia
1059 3884 1219 3942 poenitentia.

146 3944 264 4003 absolutio
280 3956 305 4001 in
320 3952 440 4009 Ambrosii
451 3952 630 3999 communione.
642 3955 670 3997 ln
695 3954 778 4012 ltaque
788 3964 816 3998 ea
826 3952 967 3999 humilitate
978 3953 1102 4011 aeccplior
1111 3954 1163 4000 Deo
1173 3953 1220 3998 lac·

146 4034 186 4070 me
198 4025 271 4071 eiiam
288 4021 392 4082 amplius
403 4019 525 4067 commissi
537 4031 670 4079 exaggera-
695 4023 735 4067 tus
746 4021 783 4068 est
794 4033 801 4064 a
811 4031 859 4067 non
878 4019 943 4066 enim
962 4020 1100 4066 mirandum
1119 4032 1219 4081 peccaro
