2760 4800
431 427 592 477 nronrru
607 404 946 479 rnaonosrronarro.
1183 430 1226 485 rol

141 507 313 572 quodprlmus
329 507 634 572 imperatorumcredidit,
650 514 675 561 et
699 515 728 563 ιιι
743 514 835 563 iterum
843 513 999 565 vincereris!
1015 515 1081 565 Vicit
1098 515 1123 565 te
1137 517 1227 579 Mula,

143 579 199 642 port
213 590 241 626 sa
258 577 429 626 baaredssatem
448 580 506 628 ildei
521 581 675 642 principibus
699 595 753 643 quae
770 583 856 643 genuit
870 582 1088 643 triumphatorem,
1104 597 1158 644 qnae
1173 585 1229 635 sino
1256 617 1264 634 ι

143 645 381 706 dereliquit,magni
389 647 473 695 meriti
481 649 562 696 locum
570 649 672 709 reperit.
700 647 871 697 imminutione
881 649 1042 708 virginitatis,
1060 649 1139 697 edidit
1155 663 1227 712 euru,

144 714 218 772 cujus
232 714 385 775 temporibus
396 716 546 776 completum
558 717 595 764 est
612 717 675 766 illud
700 716 742 776 qui
759 717 891 764 crucifixus
900 717 1011 765 vinceret
1022 716 1062 776 te,
1079 717 1105 764 et
1118 718 1229 766 mortuus

143 781 316 842 propheticum
328 794 335 828 a
347 783 422 830 lartio
430 785 466 830 dic
478 785 530 840 erit,
538 785 676 844 guodauper
700 784 968 845 subiugaretl'inceris
977 785 1092 846 etbodie,
1100 786 1130 833 ut
1138 786 1229 836 mulier

144 851 433 915 {renumepumouctum
449 853 551 918 Domino
569 855 676 914 orauipo-
699 853 755 900 tuas
773 854 875 902 insidias
895 855 1073 916 deprehendat.
1091 855 1138 916 illa
1159 853 1229 916 quasi
1259 849 1261 853 ’

145 919 211 967 teob.
219 917 289 976 Quod
297 918 340 964 illa
348 920 438 967 sanctae
445 919 571 968 memoriae
581 921 675 968 lieleua
700 922 783 970 sancta
794 924 928 971 Dominum
937 923 1057 983 gestavit,
1073 935 1118 983 ego
1129 934 1229 970 crucam

143 987 225 1036 mater
235 987 288 1047 eius
297 986 378 1036 intuso
389 988 437 1035 sibi
444 988 491 1036 Dei
500 989 595 1049 Spiritu
604 1002 676 1040 reue·
701 991 754 1047 ejus
773 991 925 1051 investigabo
943 1005 951 1039 a
970 992 1015 1039 illa
1026 992 1170 1052 generatum
1185 991 1229 1040 do·
1274 1020 1288 1056 ².

146 1056 218 1105 lavit.
701 1058 765 1117 cuit,
788 1069 834 1118 ego
852 1060 1047 1116 resuscitatum:
1065 1061 1109 1117 illa
1124 1060 1185 1107 tecit
1200 1060 1229 1107 ut
1264 1058 1284 1118 ζ’,

96 1150 103 1167 .
175 1122 216 1172 tl.
226 1124 317 1172 Beatus
325 1124 549 1173 Constantinustali
559 1127 675 1187 parente,
701 1125 841 1174 Deusinter
856 1127 1120 1187 hominesvideretur,
1139 1138 1183 1186 ego
1197 1125 1230 1175 ad

145 1205 202 1258 quae
210 1192 398 1254 irnporantitilio
406 1193 484 1240 divini
493 1194 603 1241 muneris
611 1208 677 1255 quau·
701 1194 840 1241 nostrorum
850 1194 988 1242 remedium
998 1196 1154 1255 peccatorum
1165 1194 1230 1243 ‹liri-
1255 1185 1282 1246 ;‡.·'
1334 1189 1338 1194 '

145 1261 205 1310 sivit
213 1260 344 1321 auxilium,
353 1274 401 1323 quo
412 1262 569 1322 interpraelia
579 1275 675 1323 quoque
701 1273 760 1308 uum
770 1261 801 1309 de
817 1262 898 1309 ruinis
909 1262 1013 1310 elevabo
1024 1261 1153 1316 vexillum.

145 1328 215 1376 tutus
226 1327 370 1387 adsisteret,
390 1328 415 1374 et
430 1329 570 1388 perieulum
583 1341 632 1375 non
644 1329 677 1377 ti·
730 1326 769 1376 ti.
789 1329 875 1388 Aperit
892 1329 976 1390 itaque
995 1329 1113 1389 humum,
1135 1328 1246 1381 decutit*

145 1399 235 1444 meret.
245 1397 331 1455 blagna
341 1394 448 1454 femina,
468 1409 524 1455 quaa
535 1395 613 1442 multo
624 1408 676 1442 arn-
701 1397 843 1455 pulverem:
851 1397 898 1444 tria
903 1397 1012 1457 patibula
1020 1397 1120 1447 contusa
1128 1397 1231 1458 reperit,

146 1462 677 1526 pliusinrenitquodimperatorieonierret,
702 1477 755 1529 que
765 1466 836 1512 ruina
844 1463 1124 1525 contexerat,iuimicus
1131 1465 1231 1515 abscon·

146 1544 221 1593 quarn
238 1531 302 1592 quod
319 1531 350 1578 ab
372 1531 519 1590 imperatore
538 1531 674 1591 acciperet.
702 1533 780 1581 derat.
792 1534 840 1583 Sed
850 1547 899 1587 non
911 1534 992 1595 potuit
1002 1532 1130 1581 obliterari
1141 1532 1230 1581 Christi

146 1602 226 1648 Anxia
235 1600 314 1647 mater
320 1612 365 1659 pro
374 1599 435 1658 tilio,
447 1599 487 1646 cui
496 1596 601 1659 regn‘um
612 1601 678 1648 orbis
701 1601 850 1662 triumphus.
869 1602 966 1651 incerto
982 1603 1077 1650 haeret:
1091 1601 1182 1662 haeret,
1202 1603 1231 1650 nt

88 1668 92 1675 '
146 1669 250 1723 itomani
265 1666 386 1727 cesserat,
402 1666 678 1728 festinavitilierosoly·
702 1666 962 1730 mulier3sedcertam
975 1670 1117 1730 indaginem
1133 1665 1232 1718 serietas
1275 1672 1277 1674 ’

147 1748 230 1796 maru,
248 1737 274 1784 et
284 1733 390 1784 amunta
404 1735 442 1783 est
451 1734 533 1782 locum
542 1734 678 1784 Dominicae
702 1738 808 1799 Spiritus
823 1739 929 1801 inspirat
945 1739 1050 1799 eoquod
1061 1739 1109 1787 duo
1124 1739 1232 1786 lenones

148 1804 279 1871 passionis.
527 1840 531 1854 ,
703 1820 759 1854 cum
773 1807 879 1854 Domino
894 1807 1007 1856 crucifixi
1021 1807 1123 1855 fuerint.
1139 1806 1232 1864 Quaerit
1270 1831 1271 1834 =

166 1872 220 1922 ιιι.
241 1873 404 1924 stabulariam
422 1876 486 1925 trane
503 1875 584 1936 primo
603 1875 678 1924 fuisse
703 1887 760 1934 ergo
770 1875 994 1936 mediumlignum.
1010 1873 1058 1922 Sed
1073 1874 1168 1933 poterat
1178 1872 1242 1921 iteri·

147 1943 277 2005 adserunt,
300 1945 335 1992 sic
355 1945 474 2004 cognitam
485 1944 622 1992 constantio
639 1957 680 1991 ae·
704 1944 732 1992 ut
743 1944 853 2003 patibula
864 1944 929 1992 inter
941 1945 1049 1992 seruina
1060 1942 1231 2000 contunderet,
1267 1971 1269 1975 s

148 2010 228 2072 niori,
241 2011 283 2072 qui
298 2013 382 2072 postea
397 2025 501 2072 reguum
518 2013 620 2072 adeptus
631 2013 677 2062 est.
705 2023 774 2059 casus
792 2011 937 2059 inverteret.
959 2011 1034 2059 Redit
1053 2009 1085 2058 ad
1105 2009 1232 2069 Evangelii

148 2075 217 2127 Boua
231 2079 382 2140 stabularia,
403 2094 458 2141 quae
478 2083 527 2129 tarn
548 2080 679 2140 diligenter
704 2080 852 2139 lectionem,
863 2079 959 2128 invenit
969 2080 1028 2140 quia
1039 2079 1066 2124 in
1075 2077 1157 2124 medio
1168 2076 1232 2136 pati·

139 2146 259 2209 'praesepe
268 2149 365 2197 Domini
376 2150 514 2210 requisivit.
522 2150 588 2196 Bona
598 2151 680 2198 stabo
704 2148 762 2195 bulo
772 2149 887 2208 praelatus
896 2149 983 2196 titulus
995 2147 1047 2195 erat
1059 2159 1065 2192 ι
1077 2149 1142 2195 Jeaua
1152 2149 1233 2194 anu·
1269 2156 1274 2178 ²

150 2217 227 2278 laria,
245 2230 300 2278 quae
316 2218 476 2265 stabularium
490 2230 540 2266 non
558 2217 680 2278 ignoravit
703 2231 773 2264 renue
791 2210 843 2265 ileu
853 2219 998 2267 ludaeorum.
1008 2215 1072 2262 ilinc
1083 2215 1185 2262 collecta
1196 2211 1234 2261 est

150 2285 237 2344 illum,
247 2286 290 2346 qui
299 2287 405 2334 vulnera
413 2287 511 2334 curavit
519 2299 534 2333 a
543 2286 680 2334 latronibus
704 2287 781 2334 series
788 2285 915 2346 veritatis,
925 2286 998 2334 titulo
1009 2297 1070 2332 crux
1080 2283 1161 2344 patuit
1169 2283 1234 2331 salu·
1269 2336 1271 2341 ‚

150 2355 282 2403 vulnerati.
293 2356 359 2402 Boua
369 2356 515 2416 stabularia,
526 2368 581 2416 quae
592 2355 680 2403 maluit
704 2354 772 2402 iaris.
787 2355 839 2402 lloc
857 2355 896 2403 est
911 2354 976 2414 quod
986 2353 1129 2415 petentibus
1143 2351 1235 2399 ludaeis
1276 2369 1278 2374 ⁸

150 2422 266 2470 aestimari
277 2423 397 2482 stercora,
408 2424 437 2470 ιιι
446 2422 569 2470 Christum
579 2422 681 2470 lucrita-
704 2421 797 2469 Pilatus
808 2423 934 2483 respondit
945 2435 951 2468 ι
965 2424 1030 2482 Quod
1040 2422 1134 2480 nosipsi,
1145 2419 1233 2480 idest,
1269 2456 1271 2461 ,

153 2493 229 2540 cerei.
250 2491 307 2538 ldeo
318 2492 386 2541 illam
401 2490 512 2539 christus
530 2491 561 2537 de
573 2491 680 2539 stercore
705 2501 754 2536 non
763 2501 791 2536 ea
799 2489 895 2550 scripsi,
906 2502 959 2549 quaa
968 2488 1038 2536 vobis
1046 2487 1183 2546 placerent,
1190 2486 1235 2534 sed
1269 2516 1271 2518 v

151 2561 246 2609 levavit
266 2560 297 2607 ad
317 2572 436 2620 regnum,
456 2560 595 2608 secuudum
615 2559 682 2619 quod
706 2569 760 2615 quae
770 2553 1235 2617 aetasiuturacognosceret:nonvobis

83 2686 88 2693 ⁶
151 2629 271 2689 scriptum
282 2628 336 2678 esta
348 2630 619 2690 Quioauacitatdeterro
630 2628 682 2675 iuo-
706 2624 807 2685 scripsi,
824 2625 868 2672 scd
887 2623 1038 2683 posteritati3
1056 2623 1235 2683 propemodum
1270 2623 1271 2651 ³

148 2709 203 2758 pem
209 2730 218 2754 ,
229 2700 251 2744 et
260 2699 287 2743 dc
297 2699 396 2744 stercora
407 2697 476 2755 erigit
485 2707 620 2756 pauperem.
707 2692 791 2740 dicens
812 2706 819 2738 ι
842 2693 937 2738 liabent
956 2693 1050 2739 Helena
1070 2692 1136 2752 quod
1152 2692 1235 2752 legat,
1270 2739 1272 2743 ,

182 2764 222 2813 oa.
240 2763 315 2811 Venit
333 2775 390 2822 ergo
401 2762 512 2821 llelena,
532 2759 683 2820 coepitrevi·
707 2759 879 2807 undeorueem
887 2757 986 2804 Domini
998 2761 1163 2817 recognoscat.
1269 2757 1272 2824 ζ

151 2847 208 2884 aere
228 2833 281 2879 loca
301 2832 397 2888 sancta,
427 2829 519 2876 inludit
537 2829 562 2876 ei
579 2828 684 2888 Spiritus
737 2822 1236 2884 t6.lnvenitergotitulum,ilegenrado-
1269 2828 1272 2840 '

152 2904 183 2951 ut
201 2903 298 2962 lignum
314 2900 394 2946 crucis
412 2896 564 2959 requireret,
583 2895 684 2943 accessit
708 2892 1236 2952 ravit,nonlignumutiquegquiabicgen·
1268 2907 1279 2916 ¹·

152 2971 186 3020 ad
196 2969 329 3029 Golgotlra,
340 2967 365 3015 et
374 2967 409 3014 ait
420 2980 427 3013 ι
440 2968 501 3012 Ecce
510 2965 577 3012 locus
587 2975 684 3023 pugnae,
709 2962 760 3009 tilis
769 2964 807 3010 est
814 2974 895 3020 error,
907 2962 1033 3010 etvanitas
1041 2961 1238 3020 impiorumrsed
1285 3000 1287 3017 ἶ

152 3040 198 3088 ubi
209 3037 246 3086 est
257 3033 376 3084 victoria?
386 3035 473 3093 Quaero
483 3033 606 3081 vexillum
616 3032 682 3079 salu·
709 3030 820 3077 adoravit
840 3031 925 3088 illurn,
936 3029 979 3088 qui
990 3028 1108 3088 pependit
1119 3029 1145 3075 in
1155 3030 1238 3090 ligno,
1286 3077 1288 3080 ,

137 3109 140 3112 ’
154 3110 201 3168 tis,
213 3108 238 3155 et
248 3118 297 3153 uon
307 3104 416 3152 invenio.
428 3105 487 3162 Ego,
497 3101 588 3162 iuquit,
599 3099 686 3163 inreg·
709 3099 815 3158 scriptus
825 3097 852 3144 in
863 3097 935 3145 titulo
947 3110 953 3140 ι
966 3097 1051 3156 illum,
1062 3096 1178 3157 inquam,
1194 3097 1238 3158 qui
1278 3137 1280 3140 ,

153 3178 208 3238 nis,
225 3174 251 3225 et
272 3186 333 3222 crux
347 3171 446 3220 Domini
463 3171 489 3216 in
506 3166 625 3229 pulverei
641 3180 685 3228 ogo
709 3165 773 3212 sicut
788 3164 923 3212 scarabaeus
937 3163 1067 3222 clamavit,
1078 3163 1107 3211 ιιι
1121 3175 1239 3223 persecu-
1261 3211 1264 3217 ,

155 3245 183 3293 in
195 3242 290 3302 aureis,
307 3236 369 3288 et'in
388 3239 469 3288 ruinis
486 3237 574 3285 Christi
596 3234 686 3282 trium·
709 3233 804 3280 toribus
825 3234 876 3281 suis
901 3234 975 3280 Pater
998 3232 1100 3293 peccata
1126 3232 1237 3282 donaret.

154 3306 240 3374 ιιιιιιιιΙ
257 3311 301 3357 illa
312 3308 392 3356 adhuc
403 3306 480 3366 latet,
498 3305 525 3353 et
534 3304 595 3352 latet
605 3305 686 3364 palma
710 3301 786 3349 Avida
798 3301 889 3348 mulier
901 3300 1032 3349 festinabat
1041 3302 1142 3361 tangere
1156 3314 1239 3350 reme·
1300 3339 1304 3345 .

155 3379 214 3428 vitae
223 3376 336 3426 aeternari
355 3373 480 3435 Quomodo
499 3386 540 3421 me
551 3373 686 3421 redemtam
711 3369 780 3418 dium
791 3370 995 3430 immortalitatis,
1006 3370 1133 3418 metuebat
1144 3371 1241 3418 calcare

157 3446 271 3505 arbitror,
280 3445 301 3493 si
311 3443 432 3492 redemtio
441 3445 495 3504 ipsa
502 3454 552 3489 non
562 3439 687 3488 cernitur?
711 3440 890 3486 sacramentum
908 3438 1001 3485 salutis.
1022 3436 1088 3483 Laeto
1104 3436 1192 3496 corde,
1213 3436 1239 3482 et

107 3524 111 3530 ·
187 3513 227 3562 tt,
248 3513 326 3561 video
348 3511 409 3572 quid
426 3511 521 3572 egeris,
538 3509 648 3568 diabole,
660 3508 688 3556 ut
711 3505 844 3565 trepidanti
855 3505 975 3565 vestigio,
989 3504 1049 3565 quid
1064 3503 1173 3562 iaceret,
1193 3514 1238 3549 ne·
1267 3505 1291 3552 2152

158 3583 253 3645 gladius
263 3594 311 3642 quo
319 3581 444 3640 peremtus
455 3592 496 3638 es,
507 3575 686 3625 obstrueretur.
712 3575 813 3622 sciebat·
823 3573 949 3623 Perteudit
962 3574 1045 3620 tamen
1055 3570 1086 3618 ad
1099 3570 1183 3639 cubile
1193 3582 1240 3618 va·

158 3652 206 3700 Sed
216 3653 282 3700 isaac
294 3648 428 3697 obstructos
442 3648 472 3695 ab
484 3645 630 3704 alienigenis
640 3658 688 3704 pu·
712 3643 800 3702 ritatis,
808 3643 904 3702 lignum
912 3639 1017 3698 refulsit,
1024 3637 1050 3685 et
1057 3638 1133 3698 gratia
1141 3636 1238 3715 micuit.

158 3721 211 3768 teos
222 3717 376 3775 eruderavit,
385 3728 432 3763 nec
442 3716 520 3763 latere
536 3725 624 3773 aquam
634 3725 689 3772 pas-
712 3711 808 3771 utputa
817 3711 868 3768 jam
878 3708 997 3759 feminam
1007 3704 1149 3754 visitaverat
1158 3705 1240 3782 Giarra-

158 3800 200 3836 sus
219 3786 264 3833 est.
283 3784 392 3831 'tollatur
403 3783 480 3843 igitur
489 3780 576 3841 ruina,
594 3780 623 3828 ut
636 3779 688 3830 vita
712 3769 1239 3837 tusinldaria,Spiritusinllelenavieitavrta
1295 3811 1296 3814 ,

160 3854 277 3917 appareat
293 3868 300 3897 ι
318 3850 442 3911 promatur
452 3849 560 3910 gladius,
577 3859 625 3909 quo
635 3846 688 3897 veri
712 3848 796 3897 docuit
810 3858 864 3893 cam
875 3843 938 3904 quod
956 3841 1044 3890 mulier
1060 3837 1186 3914 ignorabat
1193 3836 1239 3911 ,et

160 3925 237 3972 Goliae
246 3921 319 3983 caput
332 3921 371 3967 est
381 3919 553 3981 amputatum:
564 3917 689 3979 aperiatur
713 3915 819 3964 deduxit
829 3915 855 3961 in
866 3913 944 3968 viam,
955 3921 1028 3970 quam
1047 3906 1156 3952 mortalis
1175 3913 1238 3947 scrro

161 3995 265 4051 burnus,
285 3986 500 4046 utsalusiulgeat·
518 3987 583 4046 Quid
601 3987 688 4048 egisti,
714 3982 874 4043 nonpotcrat.
1046 4042 1050 4051 Ι
1166 4036 1170 4046 Ι

161 4061 274 4123 diabole,
292 4059 320 4108 ul
338 4055 500 4107 absconderes
516 4055 626 4121 lignum,
640 4055 706 4104 nisi.
743 4039 1097 4115 tl.Quacsivitclavos,qurbus
1107 4034 1239 4087 cruclfixm
