2760 4800
458 451 705 498 Eri-srornnbm
721 457 898 501 tenesmis.
1179 457 1222 507 ¹¹01

146 527 672 591 evangelicoexenproauonrrstumrererre
698 537 811 596 telligens
831 552 889 586 vere
910 539 1034 586 inimicam
1053 541 1102 588 sibi
1126 553 1224 588 carinam

147 597 379 657 nondubitaverim,
387 601 446 659 quia
456 601 509 662 ipse
517 602 597 651 dixit:
609 606 673 649 Tunc
698 603 819 663 existere,
827 604 863 651 ait
873 605 904 651 ad
915 618 969 653 eam
981 608 1049 654 :Noti
1056 611 1224 667 superquadsrs

142 665 203 722 insti
218 665 337 726 fistqcbunt
351 669 410 716 sicut
425 672 459 718 sol
474 673 500 717 in
513 684 584 730 rcqno
594 672 673 718 Patris
698 672 757 718 mibi
764 705 772 729 ,
783 674 879 720 ininrico
889 688 955 732 mco,
967 677 1023 734 quio
1035 677 1104 722 cecidi
1114 691 1122 721 a
1132 677 1170 723 sed
1185 690 1224 722 rc·

146 735 391 794 mncomprimeutur
400 739 466 785 enim
475 737 598 805 qiiadrigae
606 737 673 796 ejus,
697 754 807 800 surqom3
819 745 874 801 quio
885 746 906 790 si
921 746 999 792 sedero
1011 746 1035 791 in
1051 745 1162 801 tenebris,
1174 749 1223 793 Do-

146 802 326 851 irrationahiles
335 806 431 852 scilicet
441 806 547 865 impetus
558 807 583 852 et
593 807 673 852 motus
697 811 773 856 vuinus
784 811 923 859 illuminabit
935 826 981 860 nne.

147 869 217 919 istius
236 872 356 931 corporis;
374 873 499 920 sedabitur
514 874 577 921 illud
587 886 594 918 t
606 875 673 920 Foris
717 876 766 924 Di.
782 879 941 926 considerans
956 881 1031 928 etiam
1047 882 1164 930 insultare
1175 883 1224 930 sibi

144 953 242 1000 puqnoe,
260 942 323 988 intus
338 943 446 1002 timaee,-
464 941 507 988 sed
522 943 630 1000 ubique,
647 941 672 987 id
697 944 804 1003 aliquam
826 947 987 1005 potestatem,
1015 963 1069 1008 quae
1093 950 1224 997 resistebat

147 1009 198 1066 est,
217 1008 282 1055 intus
302 1009 326 1055 et
343 1008 416 1068 toris,
428 1010 594 1069 tranquillitas
605 1010 652 1056 erit
664 1023 670 1054 ε
697 1012 758 1070 sibi3
769 1026 800 1060 ne
812 1014 940 1062 meliorem
951 1017 1096 1076 sequeretur
1103 1018 1185 1064 aiam:
1198 1019 1224 1064 ct

147 1077 171 1123 ct
186 1089 235 1123 nan
253 1077 300 1123 erit
315 1076 358 1137 qui
374 1079 520 1137 respondeat
539 1081 564 1126 et
575 1079 673 1126 resistat
697 1081 849 1142 inequitare,
860 1085 925 1142 quod
939 1086 1029 1132 tradita
1040 1088 1105 1133 esset
1120 1086 1146 1132 in
1157 1087 1223 1134 iute-

145 1142 357 1204 bouacvoluntat13
382 1146 423 1192 uia
432 1147 572 1194 obedientia
579 1149 672 1207 carnis,
697 1151 770 1197 ritum
783 1153 883 1211 carnis3
903 1153 932 1199 ut
950 1154 1054 1201 diversis
1070 1154 1225 1201 adtereretur
1245 1165 1248 1172 ¹

146 1213 241 1260 sublato
257 1214 351 1272 pariete
370 1216 497 1274 maceriae,
509 1229 564 1263 curn
580 1217 672 1265 tuerint
697 1219 781 1278 malis,
793 1232 847 1278 quae
856 1222 897 1267 sel
908 1233 922 1266 a
932 1221 1036 1268 Domino
1046 1223 1148 1281 propter
1164 1233 1225 1280 pec-

146 1281 254 1341 utraque·
259 1295 348 1340 unum,
359 1295 444 1330 omnes
462 1284 570 1333 abolebit
580 1285 671 1333 discor·
697 1287 805 1334 catorum
813 1289 962 1336 solutionem
970 1291 1170 1347 decernerentur,
1181 1290 1224 1336 vet

145 1348 208 1396 dias,
696 1355 726 1400 ab
737 1356 821 1417 iniquo
836 1360 938 1418 propter
950 1360 1068 1407 iuvidiam
1084 1355 1224 1407 conversio·

177 1418 214 1465 19.
224 1418 249 1465 Si
257 1432 304 1479 qua
312 1419 394 1468 autern
403 1420 585 1470 auimaiufirma
593 1457 600 1483 ,
609 1423 672 1472 sicut
696 1424 747 1482 nis,
760 1426 787 1470 ut
797 1426 828 1472 ad
839 1439 865 1472 sc
876 1428 1002 1474 revocaret
1014 1427 1148 1484 afflictam,
1160 1427 1222 1474 dicit

144 1488 189 1535 ille
199 1489 332 1536 secundum
341 1503 440 1537 carnem
450 1493 539 1550 lsrael,
548 1493 672 1541 titubave-
695 1490 776 1538 adbuc
792 1505 798 1536 :
811 1495 876 1540 bum
887 1495 983 1542 Domini
991 1495 1120 1554 sustineba‚·
1128 1494 1171 1553 qui
1182 1495 1223 1542 ret

145 1557 192 1616 rit,
204 1557 229 1603 et
239 1557 270 1603 ab
281 1557 324 1603 illa
339 1559 427 1605 Christi
439 1560 541 1606 caritate
555 1573 671 1619 persecu·
695 1558 788 1615 lapsam
809 1560 923 1619 castigat,
946 1562 988 1621 sel
1008 1561 1054 1608 tibi
1077 1562 1222 1620 potestatem

145 1625 253 1672 tionibus
263 1625 360 1672 turbata
374 1640 401 1674 se
412 1628 590 1687 aliquantulum
602 1642 672 1690 sepa·
695 1625 822 1686 affligendi
829 1628 898 1676 dedit
907 1643 913 1674 ε
923 1634 979 1690 quin
984 1632 1086 1690 peccant,
1097 1631 1223 1677 sustinebo

144 1693 220 1753 sarit,
239 1693 370 1753 corripitur
386 1697 461 1755 atque
477 1696 587 1754 arguitur
601 1700 670 1756 quasi
696 1693 1128 1760 tamen,donecjustisuetipsccossam
1135 1711 1221 1746 meam.

145 1762 232 1821 infida,
248 1763 315 1822 quasi
327 1763 437 1822 ingrata,
449 1765 518 1822 quasi
529 1765 670 1825 incredula,
695 1761 745 1807 Nisi
757 1764 824 1809 enim
834 1763 944 1812 consessa
958 1765 1041 1824 fuero,
1055 1766 1080 1812 et
1093 1764 1222 1812 exsolvero

143 1843 198 1890 quae
216 1831 320 1880 liberata
336 1844 351 1878 a
366 1832 515 1878 vanitatibus
530 1834 629 1892 saculi,
644 1835 671 1881 in
696 1830 774 1886 pretia
784 1831 944 1891 iniquitatum
955 1833 1223 1891 rnearum,nonpotero

145 1913 186 1947 eas
202 1900 356 1959 respiciendo
371 1900 509 1948 reciderit:
522 1913 536 1947 a
557 1915 604 1960 qua
622 1915 670 1950 non
694 1897 830 1953 justificari.
843 1902 903 1948 Cum
912 1901 993 1948 autem
1005 1902 1073 1948 tuero
1078 1901 1224 1959 justificata,

145 1981 259 2028 munera,
277 1982 326 2017 nou
343 1969 467 2015 taurorum
484 1969 615 2030 sacrificia3
628 1974 672 2020 sed
696 1967 791 2014 soluens
807 1968 915 2028 duplicia
926 1970 1026 2028 peccata
1037 1983 1045 2014 a
1057 1972 1144 2016 ancct
1157 1969 1223 2027 iudi-

145 2038 313 2085 tantummodo
334 2038 362 2083 ut
384 2038 475 2084 bonum
496 2041 670 2098 cognosceret,
696 2035 756 2081 cium
770 2050 861 2094 meum,
873 2037 998 2096 deponens
1009 2038 1220 2098 indignationem

139 2106 265 2163 justitiam
276 2105 382 2165 iaceret,
400 2106 548 2164 postulatum
564 2108 609 2154 est,
624 2111 671 2156 ηρ.
696 2103 753 2158 quia
764 2104 914 2151 satisfactum
932 2105 1061 2153 sententiar
1076 2106 1121 2152 est
1134 2107 1222 2152 Educet

144 2176 278 2221 enuntiatum
288 2177 321 2221 est
331 2172 339 2235 (
348 2172 445 2234 inquit)
456 2175 498 2221 tibi
503 2207 511 2232 ,
523 2175 607 2233 bomo,
616 2180 670 2236 quid
695 2185 732 2218 me
742 2173 772 2218 ad
781 2174 870 2229 lumen,
878 2177 903 2220 tt
910 2175 1121 2231 vidtbml'lttffll'am
1130 2174 1187 2232 titt,
1196 2176 1222 2221 ei

143 2244 174 2289 sit
186 2243 270 2289 bonnm
277 2275 285 2299 ,
297 2245 337 2289 ont
345 2244 399 2302 qnid
409 2244 523 2290 Dominus
534 2247 645 2303 eaqur'rat
655 2260 671 2291 o
696 2240 827 2298 adspiciam
845 2240 1034 2288 delectationem
1051 2241 1112 2297 ejus.
1131 2242 1222 2297 Videbit

144 2313 180 2366 ie,
190 2312 235 2357 nisi
244 2313 270 2356 nt
279 2311 355 2368 iacias
358 2310 474 2368 judicium
481 2312 503 2356 et
506 2311 623 2370 justitium
629 2345 638 2369 ,
649 2315 671 2360 el
695 2308 741 2354 hoc
749 2308 834 2355 lumen
842 2308 1049 2356 reconciliationis
1057 2323 1119 2357 mcae
1127 2312 1221 2357 inimico

144 2379 227 2438 ditique
236 2378 430 2434 miscricordiam,
441 2380 462 2424 ct
477 2380 576 2436 porotus
591 2380 622 2426 sis
635 2382 671 2426 ire
695 2389 761 2432 meo,
778 2376 803 2422 id
816 2377 868 2437 est,
881 2377 972 2423 diaboli
988 2378 1116 2438 nequitia3
1134 2382 1156 2426 ct
1166 2393 1221 2438 opc-

144 2458 197 2491 cum
210 2447 311 2491 Domino
325 2447 373 2491 luo.
384 2442 432 2490 Sed
440 2443 497 2503 quia
506 2456 554 2491 non
564 2446 670 2493 serravit
694 2447 769 2492 rietur
786 2447 932 2504 conpmione,
949 2460 1001 2506 qnae
1018 2460 1079 2494 nnnc
1091 2451 1164 2495 dicit:
1179 2449 1222 2496 ilbi

143 2514 197 2561 lraec
208 2514 250 2560 illa
260 2512 378 2559 infirmior
386 2512 481 2568 anima,
490 2512 545 2559 ideo
553 2513 670 2562 Dominus
695 2518 727 2562 est
738 2516 853 2562 Donninos
863 2517 925 2562 Dens
944 2515 1015 2562 tuns?
1028 2516 1128 2571 ¹Videbit
1143 2517 1169 2563 iu
1180 2529 1220 2563 mc

144 2582 180 2629 ait
191 2595 198 2629 ε
210 2585 261 2629 ileu
272 2596 325 2639 me,
336 2582 392 2640 quio
402 2581 480 2639 *facins
490 2593 542 2626 suin
556 2583 615 2629 sicut
631 2586 671 2643 qut
695 2581 887 2628 misericordiam
905 2582 976 2640 ejus,
991 2583 1087 2630 videbit
1102 2583 1221 2642 pietatem

145 2653 228 2712 colligit
239 2652 349 2711 elimatum
363 2653 388 2696 in
403 2662 487 2705 messe,
503 2651 525 2695 ct
534 2651 593 2695 sient
604 2665 670 2697 roce—
695 2647 757 2704 ejus.

145 2723 251 2767 nnumin
268 2717 401 2767 vindemio?
418 2717 526 2764 Audiens
543 2729 600 2775 ergo
618 2718 669 2765 baec
725 2713 763 2760 22.
786 2715 815 2761 rt
840 2716 896 2763 ideo
920 2728 968 2763 non
992 2717 1121 2764 audiamus
1147 2730 1219 2775 eurn,

145 2789 277 2848 propheta,
288 2788 314 2833 in
324 2798 372 2846 quo
382 2785 529 2845 loquebatur
544 2785 624 2844 Deus,
636 2788 669 2835 ait
695 2783 791 2840 quando
799 2797 884 2830 sumus
894 2784 919 2829 in
930 2785 1166 2844 adversisaliquibus
1177 2798 1222 2831 sac-
1236 2803 1238 2806 ·

145 2857 174 2903 nd
186 2857 253 2903 iilam
264 2857 368 2903 animam
381 2868 388 2900 ε
400 2857 450 2902 Heu
459 2849 599 2901 meudina!
610 2859 671 2915 quod
695 2852 759 2910 cuii3
772 2864 827 2898 cum
845 2852 887 2898 aut
907 2853 975 2899 dolor
992 2855 1100 2913 corporis
1116 2854 1221 2912 est,aut

144 2939 192 2972 non
200 2929 232 2972 est
238 2926 319 2984 pbnus
327 2924 416 2971 linearis
424 2936 440 2968 o
450 2924 522 2968 tenna.
532 2923 577 2969 Vel
588 2923 608 2985 si
617 2924 669 2983 ipse
695 2917 800 2965 tiliorum
810 2919 922 2979 amissio,
933 2921 972 2966 vei
984 2921 1126 2968 caeterarum
1138 2933 1222 2968 ueces-
1280 2948 1286 2957 -

144 2993 262 3040 Dominus
280 2993 358 3051 dicit,
375 2991 504 3037 miseratus
519 2989 614 3038 futuras
625 3004 669 3051 pro
694 2987 828 3035 situdinum
840 3001 846 3033 ε
860 3000 908 3034 uon
917 2988 1057 3047 audiamus,
1069 2989 1222 3048 inquam,di-

144 3061 251 3120 peccatis
262 3060 380 3118 ultiones,
394 3060 467 3118 atque
476 3071 520 3118 pro
532 3059 621 3108 nostris
631 3073 670 3108 er·
695 3059 811 3104 centem:
825 3058 869 3106 libi
885 3061 918 3105 est
936 3060 1050 3106 Dominsus
1070 3061 1132 3105 Deus
1152 3060 1221 3106 trans?

144 3131 239 3178 roribus
258 3127 426 3188 ingemiscens.
695 3127 762 3173 Tunc
780 3127 834 3184 ojus
851 3126 1000 3174 tentationes
1016 3126 1132 3173 carendae
1147 3127 1220 3184 sunt,

173 3199 212 3245 20.
228 3193 339 3245 Audiens
349 3197 402 3244 lrasc
412 3196 506 3255 anima,
521 3198 578 3257 quia
596 3198 670 3246 semi·
695 3207 750 3241 cum
762 3195 842 3254 gravis
854 3195 926 3261 urget
941 3194 1026 3252 dolor,
1037 3195 1096 3240 tunc
1113 3193 1220 3239 animam

143 3281 203 3316 rrum
213 3278 311 3314 suorum
322 3265 415 3312 tructus
425 3278 473 3312 uon
489 3266 603 3326 colliget,
614 3270 669 3314 nul·
694 3276 781 3322 aegram
794 3265 906 3311 avertere
917 3263 1007 3311 studet.

145 3339 212 3394 tum,
227 3347 305 3382 messe
321 3335 423 3391 amissa,
438 3334 619 3382 firmamentum
630 3336 670 3382 in·
724 3331 763 3378 25.
776 3333 837 3389 Ergo
855 3331 953 3389 anima,
965 3343 1020 3390 quae
1036 3330 1107 3377 illurn
1117 3343 1165 3378 non
1176 3343 1221 3378 au·

144 3405 229 3454 veniet
236 3402 520 3462 sui,premetolivam,et
528 3404 669 3452 unctionem
694 3400 768 3448 dierit
788 3399 946 3446 insidiantem
962 3399 1025 3458 sibi,
1038 3400 1124 3446 videns
1136 3401 1220 3459 postea

144 3474 234 3522 laetitiae
245 3485 293 3518 non
303 3470 501 3529 hebetatusque
509 3471 669 3519 bibetvinum
694 3469 816 3516 mirabilia
829 3468 890 3527 Dei,
903 3469 990 3519 videns
1006 3481 1031 3515 se
1043 3468 1069 3514 in
1081 3469 1158 3528 coeto,
1170 3468 1221 3514 dia-

142 3541 310 3603 jucunditatis.
320 3539 468 3598 cognoscens
479 3537 555 3583 etiam
573 3540 599 3584 in
610 3552 669 3598 ope·
694 3538 777 3583 bolum
785 3538 868 3584 autern
876 3537 1074 3583 sicutcoiubrum
1083 3539 1220 3596 reptantem

144 3612 213 3659 ribus
231 3607 311 3656 carinis
330 3605 411 3654 omnia
434 3606 507 3664 piena
528 3607 668 3664 sanguinis,
695 3605 720 3650 in
738 3605 908 3662 terrestribus,
929 3605 1092 3661 gratulabitur
1110 3605 1193 3654 dicens
1211 3620 1219 3650 ι

144 3683 216 3741 plena
228 3675 473 3734 circumscriptionis,
483 3674 595 3721 fraudum
605 3707 612 3733 ,
623 3674 670 3721 fal·
695 3674 750 3732 Quis
760 3675 822 3719 Deos
830 3674 888 3718 sicut
904 3675 944 3728 to,
955 3672 1063 3729 aulaeas
1074 3677 1183 3731 peccota,
1198 3678 1220 3719 et

144 3749 226 3808 taciae,
237 3747 293 3794 ficta
304 3745 383 3792 osticiu
396 3744 510 3804 pietatis,
526 3744 670 3803 compositas
695 3741 835 3798 transferens
855 3738 998 3798 impietates?
1013 3740 1059 3797 Qui
1080 3753 1131 3787 non
1151 3741 1218 3786 luisti

143 3816 325 3873 simulationes,
342 3815 367 3860 et
385 3813 498 3859 inimicos
516 3812 563 3859 sibi
586 3824 670 3860 ornnes
694 3820 787 3854 memor
798 3806 971 3866 indignationis
981 3808 1029 3854 tuae
1041 3822 1048 3853 ε
1060 3809 1102 3856 sed
1119 3808 1181 3854 sieut
1192 3809 1218 3853 iu

143 3885 187 3945 qui
198 3884 224 3930 in
232 3883 303 3929 domo
313 3881 494 3940 sunt3ideoque
504 3880 612 3939 proximi
622 3881 669 3928 sibi
694 3877 755 3923 mari
763 3876 870 3924 mersisti
877 3889 960 3924 omnes
966 3877 1110 3935 iniquitates
1116 3875 1218 3932 nostras,

143 3950 251 4011 corporis
261 3949 341 3997 motus
352 3948 486 4006 cavendos,
495 3949 539 4008 qui
550 3949 606 3995 sunt
614 3961 669 4008 gra·
694 3947 757 3995 sicut
768 3946 903 4006 AEgyptium
914 3945 1083 4006 plumbum,et
1094 3944 1178 3990 redisti
1188 3946 1219 3992 ad

144 4033 188 4068 res
203 4019 289 4066 animae
306 4018 395 4064 nostrae
405 4016 556 4076 adversarii3
567 4029 670 4064 conver·
695 4017 886 4065 misericordiam
901 4015 1068 4070 voluntarius,
1087 4024 1220 4072 quemge-

143 4088 220 4146 titur,
231 4087 257 4182 2⁸
267 4085 297 4132 dc
308 4085 361 4132 Dco
372 4094 468 4145 sperare
481 4083 583 4146 incipit,
598 4085 623 4134 et
631 4086 670 4134 iu·
695 4085 761 4133 mino
772 4082 896 4132 contulisti
906 4078 1150 4184 munere,dimitggns
1159 4092 1218 4138 pec·
