2760 4800
362 400 363 403 ’
470 405 719 458 urisrosiauri
732 414 871 462 emistis
888 419 908 462 1.
1185 414 1232 469 22?

150 475 210 530 uus
219 477 266 531 boc
275 478 422 547 mposisse,
431 486 582 541 etdistulistt
591 492 677 542 couci-
703 496 853 558 rescriptum
862 504 936 549 suum
945 494 1039 559 dicere,
1049 499 1078 549 ut
1088 499 1142 551 sine
1152 503 1233 552 orien-
1291 537 1296 545 .

150 547 223 598 uum·
702 565 794 614 talibus
806 579 879 615 eausa
894 566 996 623 minime
1006 567 1139 619 diceretur.

179 617 205 666 9.
227 619 365 700 Ambrossos
377 624 494 687 mucepue
518 629 580 678 diust
601 632 678 680 altori
731 636 854 684 Palladius
863 633 1040 684 diuitsSiltali
1049 637 1231 698 soliiussisunt

149 687 677 756 opusestdrutuusevagartrespoudeuunc.
702 701 851 750 conveniret

148 752 217 804 bene
232 757 297 806 dixit
313 760 398 809 Arrius
412 763 491 810 solum
501 765 622 813 aeteruum
631 769 678 814 Pa·
731 769 847 830 decorius
855 770 975 831 presbyter
983 774 1006 823 et
1015 773 1103 836 tepuisse
1113 774 1231 824 dictisve

147 823 677 898 tremtbtsecuudumscripturasboedixit,
701 837 758 885 aute
779 839 885 898 quatuor
901 839 973 900 dies,
995 842 1022 891 et
1041 844 1101 892 aute
1123 843 1230 892 biduum

148 893 255 942 mon!
701 906 859 965 responderet
878 919 905 956 se
921 908 1062 957 affuturum.
1083 911 1149 970 Quid
1168 923 1227 971 erpo
1249 969 1252 972 Δ

177 963 299 1014 Potiodius
309 966 504 1018 dieitsttoutibi
514 972 660 1032 respondeo.
701 973 873 1034 exspectabas?
897 974 1075 1038 Orientalium,
1099 979 1129 1027 ut
1147 978 1228 1038 dieis,

178 1033 327 1084 duumuiris
341 1039 457 1098 epiecopus
471 1041 531 1088 dicit
546 1055 555 1088 .·
568 1043 621 1088 Non
636 1053 679 1090 re-
700 1042 849 1090 consortium
858 1044 1116 1095 tuorumsenteutiam
1125 1060 1229 1109 exspec-

146 1101 252 1163 spondes
259 1103 303 1164 qui
313 1104 409 1153 tamdiu
419 1106 592 1166 blasphemasti
599 1108 611 1155 ,t
700 1109 815 1158 taudamt
832 1112 873 1159 Sic
892 1113 1002 1161 debuisti
1019 1116 1156 1177 mandere,
1176 1127 1227 1165 uou

177 1173 291 1221 Eusebius
300 1175 486 1235 episcopusdixit
497 1191 506 1224 .-
518 1176 566 1224 Sed
574 1175 676 1226 debebis
698 1180 843 1240 promittere
854 1182 1007 1232 condictum.
1280 1233 1284 1240 ,

146 1239 295 1300 simpliciter
311 1242 370 1291 tidet
385 1244 435 1292 tuae
452 1245 557 1304 prodere
572 1244 676 1293 liberta·
728 1250 850 1299 Puiiudius
860 1252 921 1300 dicit
935 1265 944 1300 =
958 1251 1023 1310 Quia
1033 1251 1104 1314 quasi
1114 1250 1147 1302 ad
1164 1252 1228 1301 con·
1272 1267 1277 1277 ¹

146 1308 207 1356 tem.
218 1309 244 1356 Si
254 1322 268 1356 a
277 1312 305 1359 te
314 1311 413 1371 gentilis
425 1313 538 1371 exigeret
555 1313 675 1372 quemad·
699 1316 785 1364 cilium
795 1318 896 1376 plenum
903 1331 1030 1382 veneram,
1040 1321 1094 1369 vidi
1110 1332 1160 1368 non
1171 1331 1228 1368 con·

146 1376 247 1424 modum
259 1377 674 1439 incbristumcrederes,contiteri
697 1383 924 1434 venissceousortes
932 1399 1010 1449 meos,
1020 1386 1048 1443 ut
1058 1387 1228 1448 convenirem,
1248 1401 1250 1406 ’

145 1445 292 1496 erubescere
302 1459 351 1495 nou
362 1447 473 1496 deberes.
698 1451 724 1499 et
738 1451 847 1501 dicerem
864 1454 1000 1502 secuudum
1012 1454 1150 1514 iussionem
1168 1465 1227 1516 age-

178 1515 216 1564 10,
226 1516 328 1564 Sabinus
337 1516 520 1576 episcopusdixit
528 1513 580 1563 :Tu
588 1513 674 1574 petisti
697 1519 757 1568 retis
767 1521 795 1568 iu
812 1522 984 1582 prejudicium
993 1523 1072 1573 futuri
1082 1522 1195 1572 concilii.

118 1629 122 1633 .
144 1585 175 1634 ut
183 1584 388 1645 responderemus
398 1596 406 1630 t
417 1583 489 1632 bodie
500 1595 533 1632 ex
546 1583 673 1633 voluntate
727 1589 766 1638 ib.
777 1589 915 1641 Ambrosius
922 1594 1038 1653 episcopus
1048 1593 1109 1640 dicit
1120 1603 1127 1638 τ
1138 1591 1170 1638 ut
1180 1591 1227 1639 bo·

89 1667 91 1670 ’
144 1651 199 1712 tua,
207 1653 236 1699 et
246 1652 270 1700 te
281 1652 393 1712 urgente,
402 1652 575 1711 convenimus,
587 1651 613 1698 et
623 1663 673 1700 nou
696 1653 739 1705 die
746 1658 918 1720 resideremus,
930 1659 982 1720 ipse
990 1659 1106 1721 exegisti.
1113 1659 1228 1720 nonique

145 1720 345 1781 exspectavimus
355 1719 619 1780 reliquos‘tvatresoui
629 1731 674 1780 po-
697 1726 772 1774 etiam
782 1727 856 1776 nodie
870 1727 963 1789 tuipse
973 1729 1060 1777 dixisti
1077 1728 1136 1790 quia
1147 1728 1226 1778 ebrie

143 1790 326 1838 terantveuire.
334 1789 440 1838 Proinde
450 1801 499 1836 nou
508 1788 554 1835 tibi
565 1788 672 1836 liborum
696 1792 758 1839 bani
776 1794 807 1842 ad
818 1794 963 1844 christianos
975 1797 1098 1844 venimus.
1110 1795 1226 1845 Christia-

144 1858 184 1907 est
202 1859 310 1918 evagari.
321 1858 445 1906 Christum
463 1857 526 1906 dicis
538 1868 591 1905 esse
603 1868 672 1904 crea-
695 1873 740 1908 nos
756 1861 829 1920 igitur
847 1864 892 1909 nes
909 1864 1027 1923 probasti.
1044 1863 1180 1912 Promisisti
1198 1864 1227 1912 to

140 1926 214 1976 tum?
229 1930 272 1977 aut
291 1926 467 1988 sempiternum
484 1925 547 1974 dicis
562 1935 615 1974 osse
632 1925 673 1972 Fi-
696 1927 902 1989 conflictaturum,
913 1930 1047 1989 promisisti
1057 1931 1082 1979 te
1092 1931 1226 1979 allaturum

143 1996 207 2045 tium
217 1996 280 2044 neit
696 1996 739 2043 aut
759 1998 943 2057 acceptaturum
963 2010 1016 2047 esse
1034 1999 1163 2046 rationem.
1181 1999 1226 2046 Lt-

131 2121 134 2124 ,
173 2065 296 2114 Puttudius
313 2066 394 2115 dicit:
405 2062 466 2111 Dixi
476 2061 537 2122 tibi,
551 2073 595 2110 nos
615 2060 672 2110 ideo
695 2065 783 2113 beuter
802 2066 886 2127 itaque
902 2067 1039 2128 accepturus
1053 2067 1225 2128 pretationem

141 2134 255 2184 diximus
262 2135 332 2184 vobis
339 2135 368 2182 ut
375 2135 525 2191 veniremus,
537 2132 563 2180 et
570 2133 672 2180 conviu·
695 2132 772 2180 tuam.
788 2134 931 2195 optavimus
946 2137 975 2184 ut
988 2136 1058 2197 qussi
1076 2135 1224 2185 christianus

144 2200 671 2264 ceremussquoduonrectetecistissubre-
694 2202 801 2251 venires.
818 2203 901 2251 obtuli
927 2202 975 2252 tibi
996 2203 1124 2265 epistolam
1144 2203 1223 2264 Arrii,

144 2284 203 2332 pere
214 2271 366 2332 imperatori.
693 2281 768 2330 quam
778 2271 986 2332 scripsissemus,
998 2272 1029 2320 de
1043 2271 1114 2331 cuiuis
1122 2272 1224 2320 nomino

175 2341 310 2390 Ambrosius
327 2343 443 2401 episeopus
464 2340 525 2388 dieti
540 2353 550 2387 s
565 2338 671 2397 nentur
694 2339 777 2388 dicitis
793 2352 837 2388 vos
850 2340 969 2400 iujuriam
987 2340 1130 2402 trequentes
1148 2339 1224 2397 susti·

144 2409 247 2470 epistole
255 2408 366 2467 Palladii,
375 2410 459 2457 utrum
469 2407 593 2455 nobishoc
602 2419 671 2456 man·
694 2420 762 2455 nere.
774 2408 863 2457 Dicitis
881 2409 946 2470 quod
957 2409 1054 2457 Arrium
1066 2421 1116 2457 uon
1134 2420 1222 2470 seque-

144 2479 255 2539 daverit,
266 2479 292 2526 et
302 2476 431 2526 docebitur
442 2475 506 2536 quod
517 2475 592 2524 etism
603 2487 670 2524 nunc
693 2476 764 2523 mini.
776 2477 854 2524 Hodie
865 2477 950 2538 aperta
962 2477 1037 2524 debet
1053 2489 1107 2525 esse
1122 2479 1222 2535 senteu-

129 2546 217 2595 carru.
693 2545 800 2592 tiasaut
811 2545 947 2593 condemna
964 2545 1053 2605 ilium,
1070 2543 1114 2592 aut
1123 2545 1223 2593 adstrue

173 2618 295 2665 Palladius
304 2618 365 2665 ituit
376 2630 385 2663 s
395 2613 587 2675 Legaturplaue.
693 2613 820 2672 quibusvis
830 2613 985 2662 lectionibus.
996 2614 1028 2660 Et
1044 2613 1147 2660 eddidit:
1159 2613 1222 2672 Ergo

173 2688 283 2746 Episcopi
300 2687 436 2733 dicerem:
453 2686 588 2743 Imperator
613 2697 669 2733 cum
691 2679 1223 2740 juxtaepistoiemirriicbristusneiiilius

143 2757 209 2802 esset
222 2765 330 2814 praesens
340 2751 450 2811 syrmio,
459 2753 488 2798 tu
504 2751 576 2798 illum
591 2753 670 2800 iuter·
693 2759 742 2796 uon
752 2749 790 2795 est
796 2747 977 2808 sempiternust
1056 2786 1058 2788 ,

142 2822 256 2884 pelusii,
270 2833 301 2866 au
315 2820 369 2878 ipse
385 2818 410 2865 te
421 2817 552 2877 compulit?
561 2821 593 2868 bt
603 2823 670 2868 eddi-
722 2817 845 2864 Palladius
859 2818 922 2863 dixit
932 2829 941 2861 :
953 2815 1000 2861 Nos
1010 2813 1119 2862 diximus
1132 2813 1223 2873 proba-

142 2887 316 2945 deruutsQuid
325 2885 410 2934 adista
420 2884 567 2944 respondes?
694 2882 761 2929 turos
774 2895 818 2928 uos
834 2881 996 2939 christianos,
1015 2881 1057 2927 sed
1072 2881 1222 2929 iucoueiiio

89 2969 92 2983 ’
166 2954 668 3016 Pattudtusrcsposdit:Dixitmibisvade.
693 2952 775 3010 pleno.
786 2952 838 2996 Nou
853 2950 922 2997 vobis
931 2948 1108 3008 respondemus
1118 2949 1220 2996 omniuo

121 3043 126 3055 ¹
142 3027 258 3073 Diximus
277 3037 283 3070 ε
302 3023 438 3071 orientales
462 3022 577 3071 conventi
593 3023 671 3072 vsuutt
693 3017 899 3079 inpraejudiciuvn
909 3017 1012 3065 concilii
1027 3016 1113 3064 futuri.
1144 3057 1147 3064 .
1172 3061 1175 3064 .

143 3097 184 3145 sit
195 3108 202 3141 a
213 3093 331 3140 Contenti
341 3091 406 3139 suut.
419 3090 543 3151 Numquid
555 3091 577 3138 st
587 3092 670 3138 orien-
722 3086 835 3136 deeius
849 3087 966 3147 episeopus
982 3083 1222 3147 ν111111115111111111·

142 3165 204 3213 tales
218 3175 270 3209 uon
284 3160 388 3209 tuissent
402 3158 534 3219 conventi,
548 3160 669 3221 numquid
693 3153 770 3202 ditate
790 3154 849 3202 fidei
877 3153 927 3202 tum
948 3151 1124 3214 professionem
1143 3152 1220 3202 debes

142 3225 406 3279 noseouveuissemusi
591 3266 593 3270 .
636 3264 638 3267 .
692 3229 828 3283 exponere.
956 3261 959 3267 ,
1164 3270 1170 3279 Α

174 3299 212 3345 it.
232 3299 369 3346 Ambrosius
384 3297 502 3356 spiscopus
516 3296 577 3344 sicii
597 3311 606 3344 .·
623 3295 669 3345 Se·
721 3293 843 3340 Palladius
852 3291 915 3341 dicit
927 3304 936 3338 ε
946 3289 977 3338 dt
992 3288 1171 3351 quidt'oiictlio
1180 3301 1221 3339 re·

143 3366 267 3428 questratu
284 3365 317 3413 sit
333 3376 406 3412 causa
422 3364 594 3423 orientalium,
609 3376 668 3412 scu-
691 3359 834 3420 servamus!
877 3394 878 3399 ,
984 3383 985 3386 =
1199 3380 1201 3387 ι

143 3436 246 3484 tentiam
261 3433 328 3481 tuam
343 3431 417 3479 bodie
432 3444 523 3491 quero.
541 3432 605 3481 Arrii
620 3432 671 3489 tibi
721 3429 761 3475 15.
775 3427 912 3477 hebreum
928 3428 1045 3489 episopus
1052 3428 1113 3476 dieii
1127 3425 1220 3474 :Omni

144 3502 247 3563 epistola
264 3501 329 3548 tecta
344 3500 382 3547 est
396 3511 404 3544 s
422 3500 485 3545 soles
499 3499 525 3545 te
539 3499 668 3546 Arrianum
691 3509 734 3545 ore
744 3495 916 3545 condemnatio
925 3495 990 3544 recu
1001 3495 1076 3544 estin
1090 3507 1164 3555 eum,
1175 3494 1220 3554 put
1266 3511 1291 3539 ς

143 3572 241 3632 negare.
252 3570 300 3616 Aut
309 3568 399 3615 damna
413 3565 487 3614 bodie
497 3564 610 3626 brutum,
625 3567 669 3615 aut
689 3565 793 3626 negaret
803 3564 849 3612 Dei
864 3565 953 3612 Filium
965 3563 1152 3620 sempiternum.
1170 3562 1221 3610 Nc·

141 3639 258 3688 deiende.
528 3673 531 3676 .
642 3648 643 3652 ¹
691 3630 1218 3693 putentiuiuusssquiuursiiaoius,

173 3709 293 3756 Palladius
308 3707 368 3754 died
383 3721 392 3753 .-
406 3707 458 3752 Nou
470 3705 508 3752 est
517 3699 670 3756 auctoritatis
691 3695 1220 3759 qmnonvurteonoemnaresrrium.usque

141 3777 201 3833 tuae,
209 3776 237 3822 ut
247 3774 294 3823 boe
305 3785 370 3822 ame
382 3784 486 3832 quaeras.
691 3769 776 3816 utrum
785 3766 867 3826 ¹buius
885 3765 1009 3826 prebenda
1021 3764 1153 3814 sententia
1168 3763 1219 3823 sit,

93 3867 97 3872 ·
175 3842 286 3892 Eusebius
299 3840 573 3900 epscopusoiuu:uou
588 3835 668 3884 credi-
692 3831 1220 3890 consideratesetutrurnsecundumserip-

143 3923 199 3960 mus
213 3909 353 3970 religiosum
364 3906 537 3965 imperatorem
552 3905 620 3952 aliud
630 3904 669 3950 di·
692 3902 850 3961 insedeat,
864 3901 908 3949 aut
917 3901 1005 3949 contra
1015 3897 1169 3958 Scripturas,
1179 3896 1221 3941 tu-

134 3979 222 4038 -xisse‚
240 3988 315 4037 quam
330 3973 435 4033 scripsit.
449 3973 580 4033 Episcopus
595 3972 670 4031 jussit
691 3971 805 4031 tettigere
815 3970 884 4018 licet.
895 3968 998 4016 beetnm
1009 3964 1047 4014 est
1056 3962 1122 4038 11111111
1133 3974 1141 4005 2
1152 3963 1220 4011 Stin·
1293 3975 1295 3979 ’

145 4046 359 4095 convenireeuou
369 4039 449 4102 potuit
458 4039 506 4088 tibi
523 4040 569 4087 soti
583 4040 668 4089 conus
691 4040 783 4098 piterrm
800 4038 874 4085 vietus
892 4035 936 4084 Dei
952 4035 1021 4090 ottitt
1042 4028 1158 4132 ἆῑθῑῗέῑω·
1177 4027 1221 4075 ⁰⁸¹
