2760 4800
478 367 723 415 aulsnonlnnn
740 370 877 416 cnsssls
891 373 910 416 1.
1196 367 1241 417 207

139 458 216 498 'mur
229 458 244 498 a
257 449 362 497 domino
380 449 462 498 nostro
480 451 576 499 etlleo.
588 451 615 498 Si
630 450 687 512 quis
741 453 779 502 ll.
793 455 872 512 Quam
883 453 971 501 beatus
981 451 1025 514 qui
1041 451 1150 500 radies·
1165 454 1242 502 vitio·
1322 484 1325 489 -

157 528 305 579 rognoseme
320 517 376 566 vult
392 530 466 580 quam
482 520 629 568 mercenarii
644 534 686 568 su-
709 533 765 569 rum
787 534 900 570 resecare
920 521 1032 582 potuerit
1052 522 1196 570 avaritiam!
1218 525 1240 572 ls

155 598 222 648 mue,
232 587 318 635 radiet
327 586 450 635 dicentem
460 600 468 635 a
478 591 577 650 Quande
585 590 686 650 malles
709 588 820 648 proiecto
830 589 947 636 staterum
958 588 1022 636 naue
1034 600 1082 636 non
1093 589 1239 638 reformida-

155 657 298 704 sseruessarit
303 657 380 717 patris
388 658 436 704 snei
445 657 567 705 obruam
573 656 584 703 i
591 671 632 718 epo
641 672 686 706 as·
709 657 756 705 bit.
767 658 878 705 avaritie
895 658 965 705 enirn
984 657 1133 717 perumque
1153 672 1238 709 seusus

154 727 204 772 terr
220 725 260 773 lete
274 725 622 788 fumpm3etinlrstlitre
633 741 684 786 sne,
709 724 810 773 hebetat
821 726 955 785 humanos,
966 726 1124 786 etpervertit
1141 729 1241 788 opinio·

154 793 254 854 moult,
269 796 414 843 edestam
422 798 623 844 mercenariorum
633 799 686 844 tuo-
708 804 768 853 nes3
783 795 812 841 ut
828 796 951 854 quntum
963 795 1083 855 pietatem
1096 797 1202 856 putent,
1212 797 1238 846 et

153 868 220 910 ress.
234 860 505 933 (innormareenartl,
519 876 608 912 omnes
624 877 685 925 ope-
708 864 839 922 peeuuiam
848 866 918 924 quasi
934 864 1075 912 mereeden
1087 866 1251 925 prudentie·

152 930 216 978 rarii
233 942 243 980 s
258 933 302 993 emi
323 934 408 981 tamen
424 933 533 981 fruentur
554 934 684 994 exspectat
707 932 800 980 llerees
819 932 904 980 sutem
925 944 1013 993 magna
1029 933 1131 993 pletatis
1143 937 1195 996 est,
1211 937 1238 984 et

152 997 261 1060 laboris,
278 1000 417 1048 eonsideret
433 1002 499 1060 qued
514 1001 592 1060 isqui
607 1003 683 1048 alium
707 1001 814 1058 questus
828 1000 986 1060 sobrietatis,
997 1001 1090 1050 habere
1104 1004 1170 1063 quud
1179 1005 1237 1054 mul

151 1067 270 1117 memede
288 1067 441 1117 mundaverit
466 1069 566 1127 debita,
585 1070 682 1130 etipse
707 1069 823 1116 uterus.
834 1069 1012 1127 Quideuimin
1023 1071 1070 1118 boe
1077 1073 1237 1132 mundopro-

152 1136 309 1186 medebitur
324 1149 376 1186 sua.
387 1138 546 1184 deneratam
565 1137 632 1184 istud
647 1138 683 1185 oi·
706 1137 914 1185 runtdivitiarum
923 1138 1126 1198 superdua;eum
1135 1141 1237 1190 iniiset

101 1226 105 1231 ·
151 1204 235 1255 teudst
243 1239 251 1265 ,
259 1205 287 1254 et
296 1209 381 1267 postea
393 1207 556 1254 cumulatiore
566 1218 682 1254 mensura
705 1207 773 1253 nulla
784 1206 926 1264 adjumenta
936 1208 1053 1255 nascendi
1064 1210 1123 1268 sint,
1133 1221 1180 1257 nee
1189 1211 1236 1257 im·

151 1276 275 1325 exsolvet.
288 1277 351 1337 Erro
360 1275 404 1336 qul
419 1288 469 1323 non
478 1277 534 1324 vult
548 1276 680 1338 amittere,
705 1274 847 1333 pedimenta
856 1275 1061 1323 moriendittiam
1070 1278 1096 1324 et
1105 1277 1159 1326 siue
1170 1278 1236 1326 lute-

151 1345 218 1406 quod
227 1346 267 1394 est
284 1346 447 1406 perpetuum,
457 1356 508 1393 nou
521 1345 680 1406 ertptutalii,
704 1345 820 1403 tumente
836 1345 864 1392 iu
883 1345 930 1393 boe
945 1346 1037 1393 mundo
1055 1345 1194 1408 nascimur,
1209 1351 1236 1398 et

150 1415 219 1476 quod
228 1415 363 1476 temporale
375 1415 421 1464 est.
704 1412 855 1462 siuevtatieo
862 1414 1235 1476 mecummsinelraersultstr

181 1484 222 1532 td.
233 1484 398 1532 ltemoetiam
415 1484 442 1531 ln
452 1484 508 1532 dolo
524 1485 680 1546 loquaturad
704 1482 847 1542 sepelimur.

149 1554 294 1616 proximum
308 1567 388 1602 suum.
399 1553 512 1614 Laqueus
522 1555 560 1602 est
569 1554 597 1602 iu
606 1555 679 1603 labiis
733 1550 772 1598 to.
781 1551 876 1601 Pendet
884 1552 1134 1613 siugulisnostrorum
1141 1558 1233 1606 statera

149 1623 255 1684 noenu,
274 1624 301 1672 et
315 1635 381 1684 sepe
400 1623 568 1684 unuquisque
586 1637 680 1672 sermo-
702 1617 855 1680 meritorum,
862 1622 937 1688 atque
947 1623 1044 1683 exiruis
1053 1626 1094 1672 vel
1105 1625 1164 1674 boui
1173 1639 1233 1687 opa-

149 1691 679 1753 nibuesuisnonexplieutur,sedinvolri-
702 1687 751 1749 rie,
771 1690 813 1737 vel
836 1690 967 1750 degeneris
984 1692 1073 1752 flagitii
1100 1697 1232 1747 moranus

147 1762 200 1811 tur.
210 1762 291 1811 l'orea
299 1762 349 1810 ulta
359 1762 397 1810 est
406 1773 433 1808 os
442 1761 558 1810 malevoli
568 1775 576 1809 a
587 1763 678 1823 gmnde
703 1757 751 1804 hue
758 1759 832 1818 atque
839 1758 901 1806 illue
908 1773 973 1819 saepe
981 1760 1232 1814 inclinaturzsimala

147 1831 297 1880 innocentie
322 1831 503 1891 precipitium,
526 1832 571 1878 sed
599 1833 679 1888 maius
702 1827 818 1884 verrant,
829 1827 880 1874 beu
895 1829 950 1875 mel
966 1828 987 1875 si
1001 1829 1077 1890 boue,
1093 1835 1231 1891 prestoest

148 1899 339 1948 malevolentia.
351 1901 472 1946 luuoeens
482 1898 541 1945 dum
551 1898 632 1945 eredit
642 1899 678 1946 ta·
702 1896 784 1943 venia
794 1897 871 1943 Nemo
880 1897 948 1943 enim
958 1908 974 1943 a
983 1902 1084 1957 pescate
1095 1900 1230 1951 immunior

148 1967 213 2029 eile,
224 1967 274 2016 etto
280 1965 532 2028 labitm3sedtamen
542 1967 588 2012 iste
596 1967 679 2027 lapsus
702 1965 745 2011 sed
762 1966 806 2012 uhi
827 1966 984 2026 propendunt
1003 1966 1081 2025 bona,
1100 1969 1232 2020 elevantur

148 2037 273 2099 muurgitr
283 2036 420 2084 maledicus
430 2037 513 2084 annm
525 2036 677 2085 misertibm
701 2034 817 2091 monta,
826 2033 1019 2091 obumbrantur,
1033 2035 1158 2092 teguntur.
1170 2039 1231 2097 Ergo

147 2108 329 2170 pracipitatur,
344 2107 411 2154 unde
429 2119 563 2167 numquam
578 2108 678 2156 exsiliat
702 2101 729 2147 ill
738 2100 780 2148 (lie
794 2101 883 2160 judicii
899 2103 943 2149 alit
952 2101 1036 2149 nostra
1045 2103 1232 2163 opitulabuntur

147 2179 224 2240 atque
234 2177 332 2226 evadat.
342 2176 463 2224 Penderet
473 2188 530 2234 erpo
544 2179 678 2238 unusquis-
701 2171 772 2218 nobil
789 2182 879 2231 opera,
899 2172 944 2219 aut
960 2169 1015 2230 ipsa
1024 2182 1068 2219 noa
1083 2174 1109 2221 in
1126 2175 1231 2234 protun-

148 2259 199 2308 que
209 2257 333 2294 sermone
341 2255 472 2303 suos,uon
485 2256 541 2290 enm
554 2243 639 2292 traude
651 2247 678 2294 et
701 2239 899 2301 dvmssamffutm
906 2240 993 2288 moini
1000 2239 1129 2300 depromes
1138 2243 1231 2304 lapide,

147 2314 205 2362 dole
219 2317 331 2363 :statera
346 2313 423 2373 {ullae
437 2313 599 2373 improbabile
615 2316 678 2375 opud
701 2309 922 2369 mementorum
937 2308 975 2357 est
991 2309 1075 2369 euim,
1093 2311 1179 2373 utpote
1191 2313 1231 2361 te-

147 2382 245 2433 nem:
260 2395 310 2430 non
327 2382 397 2428 illam
413 2381 528 2428 stateram
542 2382 611 2442 dieo,
621 2397 677 2442 quae
701 2378 768 2425 lento
778 2379 896 2439 plumbeo
914 2378 1028 2437 suttulte,
1042 2377 1177 2440 talentum
1190 2381 1230 2429 tu·

147 2448 492 2509 mereemappeudttalienam
501 2446 576 2508 (etin
585 2450 676 2496 ritibus
701 2446 836 2493 tolerabilis
846 2447 963 2506 avaritia,
975 2448 1050 2505 atque
1058 2449 1139 2495 omnir
1145 2462 1231 2510 super·

146 2518 249 2580 quidem
256 2518 332 2565 rebus
337 2526 393 2564 caro
400 2517 495 2563 constat
503 2515 675 2578 lallaeial;sed
701 2513 757 2572 bia,
768 2515 831 2561 tetra
843 2513 1017 2562 nasamonas.
1027 2516 1057 2561 et
1067 2515 1124 2565 ideo
1131 2518 1230 2569 norun

146 2589 240 2636 statera
255 2587 388 2635 vernorum
404 2585 457 2645 ipsa
473 2584 539 2644 apud
548 2586 627 2633 mum
638 2588 676 2633 est
701 2582 800 2639 plebem
811 2582 911 2628 Domini
928 2594 1029 2642 operere
1048 2586 1126 2645 magis
1142 2586 1169 2633 ln
1181 2587 1230 2634 llo·

147 2652 677 2715 execrabilis,quaepraetenditponduspra-
701 2648 907 2707 mino‚abuudare
915 2649 942 2697 iu
950 2649 1046 2696 divitiis
1054 2653 1232 2713 simplicitatis,

146 2726 231 2774 vitatis
248 2724 350 2780 sobrie,
366 2723 392 2769 et
409 2720 535 2768 subnectit
553 2723 676 2768 versutias
702 2717 728 2763 in
746 2717 836 2776 quibua
852 2717 963 2765 ambulet
980 2717 1035 2765 siue
1051 2719 1157 2782 laqueo,
1174 2722 1229 2771 stne

144 2793 329 2843 fraudulentie.
340 2792 391 2836 llee
408 2789 517 2836 maxime
531 2789 676 2838 condemnat
700 2785 888 2846 impedimento.

144 2863 227 2919 lleus,
247 2861 270 2907 si
291 2857 400 2918 decipiat
422 2855 512 2915 aliquis
534 2858 676 2914 proximum
731 2855 770 2901 ll.
782 2856 847 2901 Bona
859 2854 1001 2913 etiampurt
1018 2856 1229 2906 oemonbstnee·

144 2943 220 2980 suum
231 2927 405 2989 promissorum
415 2924 579 2984 benignitate,
585 2925 612 2971 et
618 2927 676 2972 sub-
701 2921 777 2980 ritas,
788 2922 814 2968 et
825 2921 935 2979 locuples
953 2921 1018 2981 apud
1029 2924 1122 2983 Deunn
1130 2925 1229 2973 etiamst

144 3000 201 3048 dola
211 2995 341 3056 iniquitate
351 2994 530 3042 defeneratum
541 2994 675 3054 opprimat,
701 2989 766 3036 inter
777 2991 877 3048 laqueos
888 2989 1010 3046 ambulet,
1022 2990 1105 3037 tamen
1116 2991 1175 3051 qnia
1184 2993 1228 3039 alii

144 3067 210 3115 nibil
223 3066 270 3112 sibi
281 3063 424 3125 protuturus
439 3062 536 3109 astutiae
550 3075 601 3110 ruae
615 3063 675 3111 arti-
700 3059 778 3106 nescit
794 3057 896 3104 iusidias
907 3058 951 3103 aut
967 3056 1067 3104 vineola
1084 3058 1227 3120 inuertere,

143 3134 271 3193 lsus.Quid
278 3133 345 3181 enirn
351 3130 451 3193 prodest
459 3129 563 3189 bomini,
571 3131 592 3177 si
599 3131 675 3180 totius
700 3138 747 3173 non
758 3127 882 3186 alligatur·

144 3204 232 3251 mundi
255 3203 336 3261 sapiat
362 3213 435 3261 opes,
458 3200 565 3246 animam
591 3203 673 3249 autem
729 3197 768 3245 le.
779 3196 844 3243 lllud
854 3194 1158 3256 quoquepraeetpuum,at
1169 3210 1227 3258 per·

143 3285 215 3322 auam
224 3273 283 3320 vite
293 3271 391 3319 eternae
399 3269 527 3317 defraudet
536 3270 674 3330 stipendio?
699 3267 802 3314 suadeas
819 3264 848 3312 ut
862 3264 979 3312 noverint
993 3264 1135 3325 humiliari,
1146 3266 1226 3314 selant

176 3338 215 3385 lt.
227 3339 279 3385 ntia
295 3337 345 3396 piis
360 3336 485 3384 mentibus
498 3337 673 3384 consideranda
699 3348 784 3382 verum
800 3331 950 3382 humilitatis
969 3334 1091 3392 colorem,
1111 3335 1225 3383 uawmsn

143 3408 252 3465 statera,
262 3418 310 3466 qna
321 3406 471 3465 singulorum
480 3405 543 3452 taeta
551 3405 673 3453 trutimn
698 3404 821 3453 noverint.
832 3402 903 3449 llulti
913 3402 1006 3449 babent
1015 3402 1225 3464 humilitatisepe-

143 3480 195 3533 tur,
203 3477 229 3522 in
239 3487 288 3535 qua
295 3475 441 3534 plerumque
450 3474 607 3532 adjudicium
615 3488 672 3534 pec·
697 3473 770 3532 ciem,
781 3471 899 3519 simulem
909 3482 959 3517 nou
967 3469 1061 3517 hubent
1072 3471 1161 3518 :multi
1169 3484 1224 3519 eam

143 3546 199 3592 eata
211 3543 385 3604 propendunt,
403 3543 446 3590 aut
462 3543 526 3590 bene
537 3544 604 3601 gesta
614 3557 672 3604 pee-
698 3540 756 3588 toris
764 3540 920 3600 pretendunt
928 3571 937 3597 ,
945 3540 972 3586 et
982 3539 1049 3585 intus
1062 3539 1222 3599 impugnant:

143 3613 461 3672 eatispraeponderant.vae
470 3612 671 3672 mihi,siprreee-
697 3607 1224 3667 adfucumpraeteruut,adveritatemabju·

142 3681 204 3728 dant
213 3680 320 3740 flagitia,
328 3681 355 3727 et
361 3680 392 3726 ad
403 3679 489 3726 mortis
499 3678 671 3738 prejudicium
698 3680 766 3735 rrnt,
776 3677 916 3736 edunallam
927 3676 1036 3734 negant:
1048 3676 1091 3722 list
1104 3675 1172 3722 euim
1183 3674 1234 3735 pst‘

141 3747 670 3809 letballvergantponderetl'olerabilimsi
697 3748 800 3806 nequiter
817 3745 926 3790 lsumtliot
940 3757 978 3800 ee,
996 3745 1019 3789 ot
1038 3743 1152 3789 interim
1172 3743 1222 3801 ep'ue

142 3817 324 3876 subsequantur
345 3817 428 3864 emnia
443 3817 526 3865 tamen
541 3816 671 3862 manitesta
694 3816 764 3874 pleno
783 3815 838 3862 eust
855 3813 909 3860 deli.
930 3810 1059 3870 Etestqui
1074 3822 1101 3858 se
1116 3809 1220 3855 nimium

142 3885 263 3944 Domino,
285 3885 312 3931 et
324 3889 383 3932 ante
395 3885 516 3942 judicium
528 3898 535 3930 t
549 3897 595 3932 nee
608 3885 671 3931 bona
695 3881 817 3930 submittit
827 3881 859 3928 ab
868 3879 1009 3928 humilitate
1022 3878 1108 3925 multa.
1122 3877 1176 3921 lton
1184 3876 1222 3920 est

141 3954 244 4014 possunt
254 3953 346 4009 latere,
360 3963 407 3998 nee
418 3963 448 3997 ea
457 3965 512 4012 que
523 3952 596 4012 plena
613 3954 671 4001 sunt
695 3964 753 4011 ergo
778 3950 905 3997 humiliter
929 3948 978 3995 nisi
1000 3947 1054 3994 sine
1077 3944 1148 3998 luco,
1168 3941 1221 3986 sine

142 4021 296 4081 otleueiouis,
308 4019 431 4069 abnunti-
696 4019 787 4065 traude.
800 4019 854 4076 lpse
870 4016 907 4065 est
916 4027 988 4072 vera,
1001 4025 1056 4073 que
1070 4008 1144 4056 lnbet
1153 4007 1220 4065 piam

1208 4262 1359 4520 r
